1897 3142
89 529 123 546 20

92 866 123 889 25

146 110 223 149 166
356 109 907 151 TVSCVLANARVM
942 111 1511 152 DISPVTATJONVM

1626 111 1678 164 [2-
1704 122 1722 162 5

140 246 306 286 nosque
328 234 444 286 ipsos
468 234 666 286 redargui
690 234 913 287 refellique
936 236 1165 287 patiamur.
1225 236 1341 287 quod
1367 235 1393 273 ii
1417 234 1559 274 ferunt
1580 235 1727 274 animo

140 302 300 354 iniquo,
319 303 390 354 qui
409 304 535 342 certis
553 304 815 355 quibusdam
834 304 1152 356 destinatisque
1173 304 1400 343 sententiis
1418 304 1540 355 quasi
1564 302 1726 342 addicti

140 377 183 410 et
205 372 443 410 consecrati
468 378 567 411 sunt
589 385 726 424 eaque
750 374 1008 412 necessitate
1027 373 1260 419 constricti,
1281 379 1327 412 ut
1350 373 1494 420 etiam,
1511 385 1624 424 quae
1642 385 1727 411 non

141 438 326 491 probare
358 440 540 485 soleant,
567 454 618 479 ea
650 447 863 491 cogantur
894 442 1166 481 constantiae
1194 455 1324 480 causa
1352 440 1607 480 defendere:
1640 454 1730 488 nOS,

141 508 213 559 qui
251 509 471 560 sequimur
513 508 756 560 probabilia
792 522 870 548 nec
907 509 1020 549 ultra
1054 523 1184 561 quam
1225 509 1278 556 id,
1314 509 1432 561 quod
1467 510 1556 548 ueri
1590 509 1728 548 simile

141 577 336 624 occurrit,
360 578 560 628 progredi
591 591 835 629 possumus,
857 585 900 618 et
931 578 1122 618 refellere
1146 579 1238 618 sine
1268 579 1504 630 pertinacia
1527 585 1570 617 et
1596 578 1728 617 refelli

141 644 234 683 sine
256 645 477 684 iracundia
501 646 639 697 parati
663 659 823 686 sumus.

228 713 263 753 6.
318 712 447 765 Quod
482 715 515 752 si
548 714 655 754 haec
687 715 833 754 studia
863 715 1064 755 traducta
1093 723 1217 755 erunt
1247 716 1301 755 ad
1338 723 1519 760 nostros,
1550 729 1604 755 ne
1638 714 1729 754 bib-

143 781 340 820 liothecis
370 783 546 834 quidem
575 783 752 823 Graecis
784 783 1021 836 egebimus,
1045 785 1085 822 in
1118 784 1274 836 quibus
1306 784 1541 823 multitudo
1565 783 1732 822 infinita

144 848 348 888 librorum
401 858 578 902 propter
628 864 777 890 eorum
830 858 895 890 est
945 851 1299 899 multitudinem„
1335 852 1407 903 qui
1459 851 1731 903 scripserunt.

144 918 296 957 eadem
326 918 440 957 enirn
472 917 676 957 dicuntur
704 933 729 958 a
752 919 912 968 multis,
936 934 991 959 ex
1022 934 1109 972 quo
1140 920 1256 959 libris
1286 920 1434 959 omnia
1464 920 1732 959 referserunt.

143 987 259 1038 quod
283 987 451 1026 accidet
473 988 605 1027 etiarn
631 989 800 1035 nostris,
823 989 856 1027 si
881 990 934 1028 ad
959 990 1066 1028 haec
1089 989 1233 1029 studia
1264 989 1406 1041 plures
1429 988 1732 1028 confluxerint.

212 1067 259 1098 16.
301 1068 389 1108 quod
406 1068 438 1098 hi
458 1069 487 1098 R
504 1068 533 1097 V
550 1069 580 1099 G
598 1069 623 1098 B
642 1068 664 1099 S
683 1069 711 1098 E
757 1069 800 1098 W
816 1079 826 1099 1
844 1079 858 1099 2
909 1070 970 1100 Mi
1018 1071 1036 1110 J
1055 1070 1124 1100 alii.

142 1133 255 1174 quod'
248 1133 269 1163 1i
288 1134 323 1163 M
339 1144 353 1163 2
390 1134 448 1164 02

143 1177 292 1217 probalia
322 1177 348 1206 E
398 1177 451 1207 132

145 1219 171 1251 C
189 1220 218 1248 Π
233 1220 251 1260 J

531 1145 581 1165 20.
620 1115 803 1176 probabilia
821 1136 861 1165 R.

292 1220 321 1250 O
338 1230 375 1250 1—
380 1229 395 1258 5
408 1221 479 1250 810
494 1230 540 1251 12.

145 1263 175 1294 O
190 1262 218 1293 6.
311 1273 369 1293 nec
395 1264 478 1293 ultra
502 1264 533 1293 id
558 1264 644 1304 quod
671 1264 732 1305 O9

147 1316 197 1336 21.
243 1306 381 1336 occurrit
401 1306 429 1336 R
446 1317 486 1337 12

145 1354 230 1379 currt
250 1349 279 1378 R
296 1349 341 1379 16.
413 1342 551 1380 occurrit
568 1350 637 1380 W

147 1392 183 1422 M
201 1402 210 1422 1
228 1403 241 1422 2
291 1392 321 1422 O
334 1402 349 1431 5
366 1402 403 1423 10
418 1403 428 1422 1
440 1402 465 1422 1.

148 1435 176 1465 E
194 1435 222 1464 L
266 1435 309 1464 W
325 1445 335 1464 1
352 1446 366 1465 2

209 1480 225 1515 ξ
242 1481 270 1512 6,
294 1487 342 1517 27.

147 1538 195 1577 (z
209 1540 294 1578 runt)
322 1539 351 1568 R
364 1549 392 1569 2.

145 1582 359 1613 confluxerint
378 1582 404 1612 B
420 1592 430 1612 1
447 1593 463 1621 3
508 1582 540 1612 K
558 1582 579 1613 S
622 1583 664 1611 W
679 1593 689 1612 1
706 1593 721 1613 2

727 1361 785 1380 [αν
784 1356 814 1380 et
830 1350 860 1381 O
872 1350 901 1381 6.

576 1399 756 1424 occurre1et
775 1394 804 1424 O
820 1404 866 1424 12.

415 1436 441 1465 C
457 1436 474 1476 J
519 1436 549 1466 O
560 1448 579 1474 4
592 1437 609 1465 8
621 1446 652 1477 9.

391 1478 615 1510 confluxerunt
635 1480 665 1509 R
687 1480 767 1517 (sic).

148 1647 243 1679 Latin
269 1648 433 1678 literature
460 1648 539 1678 with
567 1649 660 1679 other
684 1649 847 1679 literature
872 1649 903 1679 in

146 1691 253 1722 which
277 1691 475 1731 philosophy
499 1691 563 1721 had
587 1692 719 1732 already
742 1693 857 1722 arisen.

190 1742 232 1764 ex
261 1736 316 1763 his
346 1736 570 1771 temporibus,
611 1737 663 1764 ‘as
694 1746 711 1764 a
741 1735 837 1765 result
870 1735 907 1765 of

146 1777 202 1807 the
240 1783 367 1817 present
406 1777 549 1818 political
588 1777 792 1808 difficulties-³
840 1778 906 1808 For

146 1820 336 1860 temporibus
360 1820 398 1850 cf.
425 1821 433 1850 i
462 1832 488 1854 1.
520 1831 530 1850 1
558 1831 590 1850 n.

191 1865 282 1898 quod.
301 1865 348 1893 ii:
374 1864 424 1893 Ti.
444 1864 507 1893 and
532 1864 585 1894 Kl.
612 1864 687 1894 read
711 1865 796 1904 quod
814 1864 845 1894 si
866 1864 903 1901 ii,

146 1906 261 1936 misled
287 1906 329 1945 by
357 1907 489 1936 Davies'
514 1907 671 1937 assertion
695 1907 764 1937 that
791 1908 820 1937 sz‘
840 1917 907 1937 was

146 1950 223 1980 read
242 1949 282 1988 by
302 1949 341 1978 R.

191 1994 281 2027 quod
298 2004 304 2021 ε
330 2003 373 2022 sc.
391 1992 547 2032 rcdm‘glci
562 1993 726 2032 mjfclliqne
742 2003 772 2023 se
781 1993 865 2032 pali.

191 2036 343 2065 addicti
338 2047 344 2053 ·
376 2046 416 2064 an
443 2036 603 2066 insolvent
625 2036 743 2066 (lebtor
766 2046 831 2066 was
852 2037 906 2065 ad-

148 2079 252 2108 dzcms
268 2078 362 2108 when
380 2079 475 2108 made
489 2089 565 2108 over
579 2089 613 2108 as
624 2079 790 2109 bondinan
808 2085 842 2109 to
859 2079 908 2109 his

149 2121 290 2151 creditor
315 2121 357 2160 by
384 2128 536 2151 sentence
561 2121 597 2151 of
617 2132 635 2151 a
655 2122 780 2162 judge3
806 2122 908 2152 hence

149 2164 204 2194 the
228 2165 462 2204 metaphorical
485 2175 540 2194 use
564 2164 649 2201 here,
678 2165 716 2195 cf.
746 2165 827 2195 Sest.
860 2174 906 2204 17,

151 2208 225 2246 38
237 2218 318 2247 quos
338 2207 529 2247 improbitas
552 2189 681 2237 tribuno
705 2208 809 2248 plebis
833 2218 907 2238 con-

149 2250 276 2280 strictos
293 2250 483 2280 addixerat.’

193 2294 419 2323 consecrati:
428 2293 532 2322 deuoti
550 2294 557 2307 ⁴
566 2298 598 2323 ut
613 2293 644 2322 in
657 2292 797 2323 formula
809 2293 907 2324 deuo-

150 2336 247 2366 tionis
271 2346 353 2375 quae
377 2336 512 2366 refertur
535 2346 553 2366 a
579 2337 749 2366 Macrobio
776 2336 903 2367 Saturn.

150 2378 207 2408 lib.
221 2379 253 2408 iii
270 2380 308 2417 (c.
324 2388 352 2419 9,
369 2389 399 2418 p.
415 2389 451 2417 27
465 2379 513 2408 ed.
534 2379 622 2419 Bip.)
638 2380 908 2419 “exercitumque

150 2421 304 2455 hostium,
316 2421 411 2451 urbes
424 2432 592 2462 agrosque,
603 2422 709 2461 capita
722 2429 909 2462 aetatesque

151 2475 263 2495 eorum
277 2464 412 2494 deuotas
426 2471 694 2505 consecratusque
704 2464 907 2495 habeatis.⁷⁷’

152 2507 367 2543 Camerarius,
387 2508 418 2536 in
439 2508 506 2537 Mo.

195 2552 383 2583 constricti,
427 2550 559 2580 ‘bound
592 2550 680 2580 hand
719 2551 782 2580 and
815 2551 907 2587 foot‚'

151 2593 189 2624 cf.
226 2604 257 2633 p.
291 2593 397 2623 Sestio
427 2593 548 2632 quoted
581 2593 696 2628 above,
727 2595 790 2623 and
826 2594 908 2624 Phil.

152 2636 173 2666 ii
205 2638 254 2675 38,
282 2645 321 2676 97
353 2639 407 2665 ‘tu
437 2646 501 2665 non
530 2636 821 2675 constringendus‚⁷
847 2637 910 2666 and

154 2677 297 2718 Mayor's
320 2688 351 2707 n.

195 2723 421 2757 constantiae,
450 2725 456 2736 ⁴
468 2721 679 2762 consistency.
690 2721 696 2733 '

194 2772 267 2799 nos,
286 2765 347 2800 qui
362 2766 540 2799 sequimur
556 2766 769 2801 probabilia:
796 2764 836 2795 cf.
855 2765 909 2806 i9.

157 2816 193 2846 17
210 2817 240 2837 n.
262 2817 303 2836 on
325 2808 332 2821 ‘
348 2807 528 2847 probabilia
545 2808 730 2837 coniectura
747 2807 910 2847 sequens.'

195 2852 292 2880 ultra
307 2858 413 2886 quam
428 2851 483 2879 id:
512 2850 580 2879 Bai.
595 2850 651 2880 Sff.
671 2851 748 2880 Hei.
760 2850 826 2881 TS.
847 2851 906 2881 Ml.

154 2892 303 2930 Schiche,
324 2892 405 2922 aster
423 2891 522 2923 VVes'.
543 2892 629 2932 conj.
647 2894 734 2923 ultra
752 2904 849 2933 quam
869 2895 916 2924 ad

774 1265 825 1295 ed.
851 1265 896 1294 H.
943 1265 1084 1301 Boelms,
1108 1265 1229 1295 Comm.
1248 1266 1282 1294 in
1314 1265 1387 1304 Tap.
1414 1266 1438 1294 C

529 1307 558 1335 V
597 1307 700 1344 G1-4
734 1308 831 1347 131-3,
867 1308 981 1338 KPS
1017 1308 1103 1337 Eiz

741 1437 901 1477 possimus
921 1436 944 1466 P
992 1437 1026 1466 M
1044 1447 1055 1466 2

856 1479 1079 1510 confluxerunt
1100 1480 1131 1510 G
1149 1480 1176 1509 E
1196 1480 1222 1509 L
1268 1480 1293 1509 B
1310 1490 1322 1510 2
1371 1480 1400 1509 R
1417 1479 1461 1510 16.

495 1539 661 1570 confluxet·
672 1545 717 1570 int
747 1540 776 1570 V
803 1550 876 1570 cum
901 1551 1030 1576 rasura,
1051 1539 1169 1580 suerat

767 1583 832 1613 ΜΞ
876 1581 935 1613 R6
978 1583 1067 1622 G23
1112 1584 1295 1621 025812.

1238 1070 1326 1110 quod
1345 1069 1389 1100 hii
1410 1070 1432 1099 Β
1448 1080 1463 1100 2
1510 1069 1537 1101 C
1557 1070 1586 1098 ΙΙ
1629 1069 1659 1100 Ο
1673 1078 1731 1109 79.

944 1135 1127 1176 probabilia
1140 1136 1170 1165 V
1186 1141 1221 1165 at
1238 1136 1257 1165 b
1267 1140 1371 1175 posto
1385 1136 1421 1165 in
1435 1135 1553 1170 litura,
1562 1135 1682 1174 suerat
1697 1145 1729 1175 p,

512 1181 521 1213 ll
570 1189 669 1218 quam
697 1178 729 1208 id
761 1179 789 1208 R
804 1189 814 1209 1
831 1177 850 1209 6
892 1179 921 1208 V
968 1178 997 1209 G
1015 1189 1071 1218 1-4

633 1221 715 1251 ultra
731 1221 864 1262 quidem
882 1221 913 1252 id
932 1221 985 1257 O
977 1231 990 1236 ·

1116 1179 1229 1209 KPS
1278 1179 1363 1217 1317
1413 1178 1441 1208 L
1486 1179 1587 1208 VVrz
1637 1178 1731 1208 Miz

1091 1221 1175 1251 ultra
1191 1232 1288 1262 quam
1306 1221 1373 1251 ueri
1391 1221 1496 1251 simile
1513 1221 1543 1252 O
1560 1232 1570 1251 1
1581 1231 1606 1251 1.
1652 1225 1737 1251 caret

1440 1266 1476 1295 ic.
1513 1265 1543 1293 V
1558 1265 1605 1294 ad
1615 1264 1733 1304 finem.

1142 1308 1170 1337 L
1204 1308 1274 1338 w2
1310 1308 1334 1338 C
1356 1308 1416 1347 HJ
1453 1308 1597 1347 017—9.
1682 1317 1734 1337 oc-

977 1350 1139 1381 credimus
1147 1356 1210 1391 pro
1225 1351 1362 1381 occurrit
1380 1351 1410 1381 O
1423 1361 1440 1390 3
1453 1363 1481 1389 4.
1559 1349 1734 1380 occurrerit

981 1400 1145 1424 occureret
1163 1394 1192 1424 O
1205 1404 1233 1424 2.
1281 1397 1291 1429 Η
1337 1404 1508 1434 possumus
1524 1393 1554 1422 V
1571 1392 1601 1423 G
1648 1393 1674 1422 B
1689 1402 1700 1422 1
1717 1403 1733 1423 2

1144 1447 1161 1476 3
1553 1476 1736 1509 confluxeft

1192 1545 1272 1570 -unt.
1365 1516 1578 1570 confluxerint
1606 1540 1628 1569 P
1656 1538 1735 1583 (fic).

979 1650 1021 1679 id.
1045 1650 1098 1678 -aa'
1111 1649 1213 1689 might
1229 1659 1305 1689 very
1318 1649 1418 1688 easily
1430 1648 1484 1678 fall
1498 1655 1552 1678 out
1567 1648 1678 1678 before
1692 1648 1735 1678 id.

980 1693 993 1721 Ι
1017 1692 1100 1722 have
1116 1698 1171 1721 not
1190 1692 1340 1722 however
1356 1692 1497 1732 adopted
1521 1691 1583 1721 this
1601 1690 1683 1731 conj.
1704 1690 1742 1721 of

978 1735 1078 1771 W'es„
1106 1735 1241 1765 because
1266 1735 1501 1765 constructions
1525 1734 1604 1764 with
1635 1734 1735 1771 ultra,

977 1783 1088 1818 supra,
1109 1788 1183 1818 may
1200 1784 1255 1808 not
1273 1778 1394 1818 always
1410 1778 1492 1807 have
1513 1778 1595 1807 been
1613 1776 1736 1816 strictly

979 1822 1203 1862 grammatica!
1232 1831 1294 1861 any
1320 1831 1408 1851 more
1435 1821 1513 1850 than
1541 1820 1632 1850 those
1658 1819 1737 1849 with

973 1865 1051 1904 plus
1067 1864 1130 1893 and
1147 1865 1299 1904 amplius.

1023 1908 1193 1937 occurrit:
1230 1907 1289 1936 Or.
1315 1906 1438 1947 against
1470 1906 1524 1936 the
1556 1905 1675 1946 weight
1706 1904 1743 1935 of

982 1958 1046 1979 MSS
1078 1950 1170 1979 reads
1197 1951 1380 1979 occurrerit.
1429 1950 1491 1979 But
1523 1949 1597 1986 this,
1626 1948 1653 1978 if
1679 1948 1737 1978 sut.

981 1992 1061 2032 perf.
1084 1993 1194 2027 indic.,
1213 1993 1320 2022 would
1344 1992 1424 2022 refer
1447 1998 1480 2022 to
1499 2003 1517 2022 a
1542 1991 1645 2031 single
1665 2001 1738 2022 case

981 2036 1106 2066 instead
1139 2035 1175 2066 of
1201 2037 1322 2075 stating
1351 2046 1369 2065 a
1399 2035 1530 2076 general
1561 2035 1639 2071 rule,
1673 2034 1737 2064 and

981 2079 1070 2109 there
1092 2079 1118 2108 is
1135 2089 1177 2109 no
1195 2089 1306 2109 reason
1325 2079 1396 2118 why
1415 2079 1437 2108 it
1459 2078 1574 2108 should
1599 2078 1638 2107 be
1655 2076 1737 2116 suhj.

982 2121 1102 2162 (perf.).
1157 2122 1217 2152 We
1237 2121 1318 2151 have
1342 2121 1396 2151 the
1417 2121 1495 2161 perf.
1515 2120 1614 2151 indic.
1635 2120 1667 2150 in
1684 2120 1739 2150 the

981 2175 1070 2195 same
1086 2165 1306 2195 construction
1323 2175 1357 2194 as
1373 2165 1562 2194 restiterunt
1577 2164 1598 2193 ii
1619 2173 1667 2202 23,
1686 2173 1737 2202 54,

983 2209 1089 2238 where
1105 2218 1158 2237 see
1176 2218 1207 2237 n.
1226 2209 1288 2237 and
1307 2207 1374 2237 reff.

1023 2253 1181 2281 refellere
1211 2252 1285 2280 sine
1315 2251 1534 2287 pertinacia:
1575 2248 1741 2279 Manutius

983 2293 1105 2323 wished
1136 2300 1169 2323 to
1201 2294 1276 2323 read
1309 2298 1338 2323 et
1368 2293 1469 2333 refelli
1498 2294 1566 2322 siue
1593 2292 1738 2332 perlina-

981 2337 1031 2366 cia
1059 2341 1089 2366 et
1115 2336 1253 2376 refellere
1274 2337 1342 2366 sine
1367 2336 1555 2370 iracundia,
1579 2335 1644 2365 and
1675 2334 1739 2364 this

983 2379 1008 2409 is
1045 2379 1100 2409 the
1139 2379 1272 2417 reading
1310 2379 1345 2408 of
1382 2379 1513 2409 Boetius
1546 2378 1599 2408 l.d.
1640 2377 1739 2415 (Dav.

981 2423 1188 2462 erroneously
1219 2428 1333 2452 asserts
1364 2422 1419 2452 the
1449 2420 1623 2461 contrary).
1678 2420 1741 2450 But

983 2465 1037 2495 the
1074 2470 1139 2495 text
1179 2465 1204 2495 is
1239 2465 1367 2499 souud;
1405 2475 1440 2494 as
1474 2464 1529 2494 the
1562 2462 1741 2493 Academic

983 2508 1208 2556 philosophers
1236 2507 1374 2537 axoided
1406 2507 1544 2547 positive
1569 2507 1742 2537 assertions

985 2550 1037 2589 (cf.
1060 2561 1084 2580 v
1076 2551 1228 2590 c‘qmmm
1240 2551 1435 2590 probahi'lza)
1458 2549 1534 2589 they
1554 2548 1663 2579 would
1684 2553 1741 2578 not

983 2594 1024 2624 be
1054 2593 1220 2634 (loginatic
1250 2593 1283 2623 in
1314 2593 1454 2633 refuting
1490 2603 1531 2622 an
1562 2598 1741 2632 opponent.

985 2637 1069 2666 Dav.
1095 2647 1264 2684 compares
1294 2636 1444 2666 Plutarch
1474 2636 1516 2665 de
1543 2635 1623 2675 prof.
1656 2634 1737 2663 Virt.

985 2686 1076 2715 sent„
1102 2679 1196 2709 Toni
1227 2679 1247 2709 ii
1272 2690 1303 2719 p.
1332 2679 1403 2709 Sob
1431 2678 1481 2708 ed.
1511 2678 1581 2708 Par.
1607 2678 1642 2707 τὸ
1668 2674 1741 2713 μηδ’

985 2723 1047 2752 οἶον
1081 2723 1302 2761 ἐφυβριζειν
1336 2722 1537 2760 ἐλέγξαντας,
1573 2718 1592 2757 ἢ
1627 2721 1740 2758 χαλε-

985 2766 1137 2795 παίνειν
1156 2766 1367 2803 ἐλεγχθέντας
1384 2765 1494 2794 ἱκανῶς
1513 2762 1743 2803 προκόπτοντός

984 2809 1063 2838 ἐστμ

1027 2852 1043 2888 ξ
1060 2854 1088 2881 6.
1135 2851 1192 2889 [ex
1208 2858 1298 2887 quo:
1323 2860 1365 2880 sc.
1387 2848 1548 2889 tempora]
