1928 3153
41 246 157 273 snon
188 238 434 271 atomorum
467 231 592 271 turba
621 230 833 272 conficiat.

23 598 52 614 10

22 949 50 972 Ι5

72 109 195 146 -11.
221 106 294 159 24]
625 106 825 145 LIBER
867 106 1132 146 PRIMVS
1622 120 1666 159 3¹

918 233 982 272 23.
1027 232 1179 272 harum
1211 234 1527 273 sententiarum
1560 248 1672 286 quac

72 314 173 340 uera
195 301 262 346 sit,
283 301 390 340 deus
414 299 547 352 aliqui
572 300 729 339 uiderit
750 314 757 349 3
786 314 898 352 quae
922 301 1009 340 ueri
1034 301 1267 347 simillima,
1288 315 1448 353 magna
1473 304 1672 354 quaestio

70 377 148 410 est.
208 376 353 409 utrum
379 370 509 421 igitur
532 369 643 408 inter
665 368 742 407 has
765 369 1006 408 sententias
1029 370 1268 409 diiudicare
1296 371 1514 410 malumus
1538 385 1589 410 an
1616 372 1670 411 ad

72 440 343 491 propositum
369 439 537 478 redire?

156 509 211 549 A.
264 508 481 562 Cuperem
513 508 717 560 equidem
753 514 999 560 utrumque,
1031 508 1064 546 si
1100 515 1259 560 posset,
1292 510 1367 548 sed
1401 517 1465 549 est
1498 510 1672 550 difficile

69 577 346 641 conQdere.
408 592 541 630 quare
578 578 623 625 si,
662 584 708 617 ut
747 577 830 617 ista
868 591 955 616 non
992 578 1274 627 disserantur,
1308 578 1479 618 libcrari
1521 580 1672 619 mortis

71 653 189 687 metu
213 660 456 699 possumus,
476 647 516 686 id
541 660 742 699 agamus3
771 647 835 685 sin
861 646 902 685 id
928 660 1013 686 non
1037 653 1183 699 potest
1207 647 1286 686 nisi
1311 647 1391 686 hac
1414 649 1672 700 quaestione

70 716 315 756 animorum
339 716 573 769 explicata,
597 729 722 764 nunc,
743 716 778 754 si
802 715 987 764 uidetur,
1010 715 1104 763 hoc,
1128 715 1233 755 illud
1257 716 1376 756 alias

155 784 221 825 Μ.
275 784 405 837 Quod
458 784 587 824 malle
636 791 679 824 te
728 784 947 837 intellego,
991 784 1032 825 id
1083 791 1192 837 puto
1240 799 1334 825 esse
1383 787 1671 835 commodius,

70 852 228 893 efficiet
250 854 366 893 enim
399 854 520 901 ratio,
544 860 601 901 ut,
626 866 930 906 quaecumque
959 867 1063 894 uera
1084 854 1140 894 sit
1162 868 1311 894 earum
1342 856 1671 904 sententiarum,

68 936 177 976 quas
214 923 411 976 exposui,
445 909 561 962 ‘mors
598 929 673 963 aut
711 923 876 963 malum
909 937 996 963 non
1029 924 1085 964 sit
1117 931 1193 965 aut
1224 925 1280 964 sit
1312 924 1477 964 bonum
1512 927 1670 978 potius.

69 992 134 1033 24.
177 1005 278 1031 nam
303 991 337 1030 si
368 1005 442 1031 cor
463 998 538 1031 aut
561 992 741 1043 sanguis
763 998 838 1031 aut
861 992 1085 1031 cerebrum
1111 998 1175 1032 est
1206 992 1390 1041 animus,
1413 1000 1541 1041 certe,
1564 1008 1670 1047 quo-

70 1061 186 1101 niam
224 1067 290 1100 est
327 1074 496 1113 corpus,
531 1060 723 1100 interibit
760 1074 859 1100 cum
899 1061 1065 1113 reliquo
1096 1074 1303 1113 corpore;
1347 1061 1380 1100 si
1414 1063 1561 1102 anima
1593 1069 1671 1112 est,

925 1142 937 1157 ς

133 1168 150 1204 §
166 1170 216 1202 23,
230 1165 259 1197 6.
302 1166 403 1207 aliqui
422 1166 450 1196 R
467 1177 476 1196 1
494 1177 509 1197 2
543 1167 573 1197 G
592 1167 617 1196 B
637 1167 668 1197 K
687 1167 714 1196 E
734 1166 771 1197 L.
833 1154 933 1208 aliqui
950 1172 979 1198 et
995 1168 1024 1198 V
1039 1172 1067 1198 et
1085 1167 1108 1197 P
1124 1168 1188 1214 {zlio
1204 1172 1325 1198 atram.
1339 1174 1493 1209 superscr.
1554 1170 1672 1210 aliquis

69 1244 91 1275 S
113 1247 147 1273 al
167 1254 181 1274 s
202 1243 268 1273 alio
288 1247 407 1273 atram.

132 1407 148 1444 ἕ
164 1409 214 1444 24,
233 1415 280 1446 17.
317 1411 464 1446 tempore
479 1404 508 1434 R
523 1405 553 1435 G
569 1405 596 1435 L
628 1405 654 1434 B
668 1414 695 1434 2.

67 1460 122 1480 cor
139 1460 218 1490 pore
236 1449 264 1479 V
283 1449 349 1489 (sic)
367 1449 402 1478 in
420 1459 552 1479 rasura.

112 1520 322 1551 Democritus
357 1520 433 1550 held
469 1520 538 1550 that
575 1519 630 1550 the
664 1519 834 1560 perpetual

68 1564 258 1594 downward
275 1563 401 1594 motion
418 1563 455 1593 of
467 1568 574 1593 atoms
587 1563 726 1603 brought
745 1563 835 1593 them

68 1607 112 1647 by
132 1607 198 1638 fate
221 1607 291 1637 into
317 1617 335 1636 a
355 1607 448 1636 whirl
477 1605 572 1645 (δίνη)
595 1606 677 1636 srom
700 1606 834 1636 whence

68 1661 160 1681 arose
199 1652 371 1690 σύγκρισις,
417 1649 587 1686 συμπλοκὴ
630 1651 727 1680 κ.τ.λ.
770 1649 835 1679 and

68 1694 185 1724 thence
211 1693 332 1723 worlds
359 1698 422 1723 etc.
470 1693 532 1722 But
566 1692 726 1733 Epicurus
757 1692 834 1722 held

68 1737 139 1768 that
173 1742 279 1767 atoms
314 1736 347 1766 in
382 1736 446 1766 this
481 1736 670 1766 downward
707 1736 834 1766 motion

68 1780 178 1810 would
217 1790 316 1810 never
353 1785 450 1813 meet,
486 1779 550 1809 and
589 1779 777 1819 postulated
815 1789 834 1808 a

69 1823 229 1863 swerving
250 1823 340 1853 aside
357 1824 592 1862 (παρέγκλισις,
609 1821 783 1862 clinamen)
801 1821 837 1852 of

68 1866 123 1897 the
145 1871 251 1896 atoms
272 1865 357 1896 srom
381 1865 436 1896 the
460 1865 711 1906 perpendicular
735 1871 768 1895 to
791 1876 833 1895 an

68 1909 317 1950 imperceptible
344 1914 464 1946 extent,
493 1914 525 1939 at
553 1909 642 1949 quite
666 1908 834 1939 uncertain

68 1953 163 1983 times
184 1952 249 1983 and
273 1952 393 1993 placeS‚
412 1952 546 1982 whence
568 1951 734 1982 collisions
756 1958 830 1988 etc.,

68 1996 202 2026 whence
233 1995 352 2026 worlds
387 2000 448 2025 etc.
480 2006 565 2025 were
596 1994 732 2025 formed.
779 1995 828 2026 Cf.

68 2039 163 2069 Lucr.
188 2039 210 2069 ii
235 2038 382 2079 216—293
407 2038 471 2068 and
497 2039 617 2068 Munro
640 2048 683 2068 on
708 2038 727 2068 1,
758 2038 829 2078 292.

68 2082 146 2112 And
164 2082 218 2112 the
235 2087 397 2122 strongest
414 2082 536 2112 motive
552 2081 589 2111 of
609 2081 768 2121 Epicurus
784 2081 834 2111 for

68 2125 276 2165 introducing
292 2125 355 2155 this
367 2125 541 2165 departure
555 2124 637 2155 from
650 2125 705 2154 the
719 2124 834 2164 theory

68 2168 106 2198 of
121 2168 329 2199 Democritus
346 2179 411 2198 was
429 2168 498 2198 that
515 2168 556 2198 he
574 2167 677 2207 might
694 2174 832 2198 account

68 2211 117 2241 for
132 2211 267 2242 freewill
283 2211 316 2241 in
333 2221 428 2241 man:
452 2211 492 2241 cf.
512 2211 608 2241 Lucr.
625 2211 647 2241 ii
667 2220 736 2250 257.

111 2254 283 2294 [jbrluitm
308 2264 461 2295 passages
485 2254 550 2284 like
575 2254 635 2284 Ac.
665 2254 674 2283 i
698 2256 714 2291 ἓ
734 2253 753 2285 6
777 2264 832 2284 are

68 2297 146 2337 only
162 2297 347 2338 polemical,
367 2297 478 2337 laying
497 2303 594 2328 stress
618 2307 661 2327 on
685 2297 740 2327 the
756 2307 830 2337 sup-

67 2341 169 2381 posed
186 2340 375 2381 plagiarism
392 2340 429 2370 of
448 2340 559 2381 Epic.;
585 2340 653 2372 Cic.
674 2350 741 2370 was
757 2339 831 2370 well

68 2394 175 2414 aware
198 2383 235 2414 of
254 2383 309 2414 the
331 2383 549 2422 differences]

110 2428 214 2457 istos:
240 2427 293 2457 i.e.
313 2426 368 2457 the
386 2426 558 2457 Atomists.

111 2472 239 2500 turba:
285 2469 504 2510 disparaging.
566 2467 759 2500 Gtistafsson
798 2469 831 2499 in

68 2513 206 2543 Hermes
222 2513 286 2543 xvii
302 2523 335 2553 p.
354 2513 412 2553 169
423 2517 570 2553 suggests
585 2512 687 2547 turbo,
705 2513 831 2553 though

69 2555 244 2596 admitting
270 2556 339 2586 that
368 2556 435 2586 Cic.
465 2556 544 2586 does
571 2560 627 2585 not
655 2555 832 2586 elsewhere

69 2598 189 2638 clearly
204 2609 335 2639 express
353 2598 571 2629 Democritus'
589 2599 658 2637 δι’νη
673 2599 738 2629 and
761 2599 832 2630 that

70 2642 200 2672 Nonius
218 2640 264 2682 (p.
283 2641 344 2683 269
360 2652 422 2673 s.v.
439 2642 599 2681 conficere)
616 2641 674 2672 has
690 2642 800 2672 turba.

113 2685 440 2723 [62v77=‘turbulenta
476 2684 668 2715 concursio’
709 2685 783 2715 Fin.
822 2685 831 2715 i

69 2728 86 2764 ἓ
105 2727 168 2765 20.]

113 2771 129 2807 §
156 2773 205 2800 23.
238 2772 323 2801 deus
353 2772 481 2806 aliqui:
514 2781 550 2801 so
582 2770 637 2801 the
664 2771 736 2801 best
765 2779 831 2801 MSS

70 2812 146 2843 here
173 2813 236 2843 and
261 2813 294 2843 in
318 2814 378 2844 Ac.
404 2814 426 2843 ii
453 2822 480 2853 7,
513 2823 549 2853 19
573 2815 630 2844 but
656 2814 751 2844 ‘deus
774 2814 832 2844 ali-

70 2854 157 2896 quis’
174 2856 206 2886 in
224 2857 285 2887 Ac.
306 2856 327 2886 ii
348 2866 395 2898 19,
416 2855 452 2887 61
473 2856 582 2887 where
598 2867 652 2887 see
670 2856 782 2887 Reid's
798 2867 831 2886 n.

70 2898 188 2939 aliquis
210 2899 237 2930 is
261 2899 488 2938 substantival,
515 2900 624 2940 aliqui
642 2899 829 2940 adjectival.

498 1242 614 1282 aliquis
633 1242 662 1273 O
676 1253 692 1281 5
711 1247 746 1272 a!
762 1253 880 1272 rasura
895 1243 983 1283 fuit.

70 1287 152 1318 R10
183 1285 906 1326 G241323L461311JO1-46-12.

69 1330 169 1369 131-3,
217 1330 328 1361 PSE
376 1330 442 1359 W1
496 1329 591 1359 Miz
640 1330 670 1359 11
718 1329 938 1360 02-81012.

748 1408 861 1445 tepore
876 1405 918 1435 K.

613 1444 750 1488 corpore
768 1448 790 1479 S
810 1448 867 1478 Ra
901 1448 1006 1488 (Ξῖ-4
1039 1449 1102 1489 DJ
1137 1449 1268 1489 0248.

1072 1219 1185 1285 aii<¹1⁵o
1199 1255 1227 1284 3.
1320 1245 1437 1285 aliquis
1456 1245 1524 1276 w1
1572 1247 1605 1276 Μ
1625 1256 1633 1276 1
1652 1257 1667 1277 ε

972 1297 1018 1317 10.
1057 1287 1172 1318 mortis
1189 1293 1277 1318 metu
1297 1288 1326 1318 R
1342 1299 1352 1319 1
1370 1298 1384 1318 2
1399 1288 1417 1318 6
1437 1299 1472 1319 10
1504 1289 1533 1318 V
1566 1290 1596 1320 G
1613 1300 1670 1328 ¹-4

1030 1336 1118 1361 metu
1135 1331 1250 1361 mortis
1266 1331 1308 1361 W
1322 1342 1337 1361 α
1385 1332 1416 1362 D
1431 1332 1450 1372 J
1498 1332 1528 1363 O
1545 1343 1555 1363 1
1571 1342 1589 1373 9
1606 1343 1654 1363 11.

1417 1377 1511 1406 tEpore

980 1406 1086 1446 temp?
1102 1406 1136 1436 P.
1198 1406 1263 1447 tp'e
1279 1407 1318 1437 E.
1379 1409 1556 1449 corporess
1597 1410 1668 1448 03.

904 1520 997 1550 With
1020 1531 1138 1560 proper
1154 1531 1266 1551 names
1283 1522 1406 1562 aliquis
1421 1522 1516 1553 alone
1534 1523 1559 1553 is
1576 1525 1666 1561 used,

904 1563 944 1593 cf.
966 1563 1160 1594 Pacidianus
1176 1564 1295 1605 aliquis
1312 1565 1343 1594 iv
1362 1575 1412 1600 21,
1431 1567 1480 1604 48.

947 1608 1087 1644 uiderit,
1113 1607 1144 1637 ‘1
1166 1607 1257 1638 leave
1275 1613 1308 1637 to
1324 1619 1415 1639 some
1431 1609 1496 1649 god
1515 1615 1547 1640 to
1564 1610 1668 1641 ‹leter-

903 1649 1014 1680 mine.'
1052 1650 1142 1680 -This
1176 1661 1231 1681 use
1269 1650 1307 1681 of
1338 1651 1393 1682 the
1428 1652 1485 1682 fut.
1524 1653 1603 1693 pers.
1637 1654 1669 1684 in

903 1693 1104 1733 postponing
1136 1704 1173 1723 or
1204 1694 1354 1735 shelving
1384 1705 1402 1724 a
1429 1696 1555 1736 subject
1584 1697 1609 1727 is
1638 1697 1670 1727 in

903 1737 1099 1776 post-comic
1131 1737 1255 1767 writers
1291 1737 1409 1769 almost
1445 1739 1597 1770 confined
1636 1746 1669 1771 to

903 1779 1011 1809 uidero
1036 1779 1177 1817 (uiderit,
1196 1781 1367 1821 uiderint).
1420 1782 1517 1822 Roby
1533 1784 1549 1820 ξ
1571 1785 1669 1823 14853

904 1822 1017 1853 Madv.
1039 1824 1054 1860 ἓ
1073 1833 1134 1862 340
1151 1824 1220 1853 obs.
1242 1837 1270 1863 4.

946 1868 976 1896 sl
999 1867 1190 1902 posset=si
1210 1867 1292 1907 ficri
1316 1872 1436 1908 posset:
1469 1879 1488 1898 a
1516 1880 1668 1900 common

903 1909 1029 1949 ellipse,
1056 1909 1096 1939 cf.
1123 1920 1175 1949 31,
1204 1918 1241 1949 77
1273 1911 1343 1951 ‘qui
1371 1917 1478 1952 potest
1506 1923 1579 1943 cum
1609 1913 1669 1944 ista

902 1952 1148 1992 cognouerim?’
1197 1955 1241 1983 So
1267 1954 1345 1984 with
1367 1955 1452 1985 solet.

945 1998 1165 2032 confundere,
1185 1998 1238 2026 ‘to
1254 1997 1406 2028 combine
1424 1998 1478 2029 the
1495 1999 1583 2029 two.'
1623 2000 1668 2030 So

902 2038 1001 2076 osten,
1037 2038 1077 2069 cs.
1111 2039 1177 2070 Off.
1210 2039 1219 2069 i
1254 2049 1304 2080 27,
1339 2050 1378 2082 95
1416 2041 1492 2072 ‘hoc
1528 2042 1568 2072 de
1603 2053 1668 2083 quo

901 2081 1067 2122 loquimur
1097 2083 1254 2113 decorum
1285 2089 1390 2114 totum
1421 2084 1503 2115 illud
1533 2086 1667 2126 quidem

902 2131 949 2155 est
978 2135 1051 2155 cum
1079 2125 1199 2156 uirtute
1226 2126 1396 2157 confusum
1422 2128 1478 2158 sed
1502 2135 1613 2159 mente
1637 2136 1668 2160 et

901 2168 1100 2208 cogitatione
1125 2168 1365 2209 distinguitur’;
1401 2171 1473 2201 Fin.
1500 2182 1520 2201 v
1549 2182 1598 2211 23,
1627 2171 1665 2211 67

906 2211 1001 2241 ‘haec
1037 2212 1224 2242 coniunctio
1260 2213 1474 2254 confusioque
1511 2215 1668 2245 uirtutum

901 2260 1011 2284 tamen
1028 2265 1047 2284 a
1067 2255 1274 2295 philosophis
1291 2256 1418 2287 ratione
1439 2258 1581 2298 quadam
1603 2259 1667 2289 dis-

901 2297 1082 2338 tinguitur.'
1130 2298 1192 2329 See
1209 2298 1278 2328 also
1296 2299 1387 2329 Kiih.
1406 2300 1482 2331 here
1499 2302 1563 2331 and
1582 2302 1667 2332 Reid

901 2351 943 2370 on
960 2341 1019 2371 Ac.
1043 2341 1064 2370 ii
1085 2351 1133 2380 15,
1153 2352 1192 2381 47
1215 2342 1363 2373 ‘confuse
1379 2343 1494 2384 loqui.’

943 2386 997 2414 ut:
1015 2384 1211 2420 concessive,
1227 2385 1248 2415 ii
1264 2395 1292 2424 5,
1312 2397 1388 2425 14n.
1408 2387 1565 2428 Draeger,
1578 2388 1665 2419 Hs.

902 2434 928 2457 11
947 2437 978 2467 p.
1003 2435 1064 2467 730
1082 2428 1110 2464 (ἓ
1128 2426 1187 2467 562
1204 2428 1248 2465 b).

943 2473 1147 2505 quaestione
1160 2472 1372 2503 animorum:
1389 2483 1464 2513 gen.
1477 2473 1514 2504 of
1527 2480 1668 2505 remoter

900 2512 1020 2553 object,
1042 2514 1172 2554 Robyg
1193 2516 1284 2553 1318.

944 2558 1170 2587 efficiet...ut:
1196 2558 1226 2592 8,
1248 2568 1282 2596 15
1301 2568 1334 2588 n.

942 2601 1046 2634 ratio,
1065 2600 1237 2631 ‘scientific
1253 2601 1517 2633 consideration.'

944 2651 1182 2680 quaecumque
1198 2652 1284 2674 uera
1299 2647 1366 2674 sit:
1390 2645 1446 2675 the
1462 2646 1550 2683 verb,
1567 2646 1667 2688 being

901 2685 933 2715 in
950 2696 968 2715 a
985 2685 1122 2716 relative
1134 2687 1243 2717 clause
1254 2687 1361 2717 which
1377 2688 1524 2729 depends
1540 2700 1630 2730 upon
1647 2701 1667 2720 a

900 2728 1106 2768 subjunctive
1122 2729 1240 2766 clause,
1262 2730 1287 2760 is
1308 2730 1398 2761 itself
1415 2733 1574 2762 attracted
1597 2733 1666 2763 into

900 2772 955 2801 the
972 2771 1187 2811 subjunctive,
1208 2772 1246 2803 cf.
1270 2783 1298 2811 5,
1319 2784 1338 2814 9
1355 2784 1385 2804 n.
1407 2775 1472 2804 and
1488 2775 1550 2805 Ae.
1571 2775 1593 2805 ii
1612 2786 1662 2814 20,

901 2814 940 2854 65
968 2815 1045 2845 ‘nisi
1064 2815 1211 2856 ineptum
1234 2817 1666 2856 putarem...iurarem..,me

906 2867 985 2888 ...ea
1001 2858 1120 2888 sentire
1137 2868 1221 2898 quae
1236 2858 1402 2889 dicerem.'

945 2902 962 2937 ξ
978 2903 1027 2930 24.
1060 2903 1227 2938 quoniam
1245 2904 1300 2932 est
1315 2910 1459 2939 eorpus:
1483 2903 1538 2934 i.e.
1561 2904 1665 2935 ‘since
