1897 3163
42 316 74 340 30

92 107 214 146 -44,
246 105 340 158 105]
645 106 839 146 LIBER

92 230 246 283 dique
283 231 414 269 enim
454 230 513 269 ad
549 229 739 269 inferos
773 230 1078 270 tantundem
1116 232 1227 270 uiae
1264 237 1351 270 cst.

884 107 1059 146 PRJM
1070 107 1144 147 VS

1618 118 1692 157 ¹37

1427 238 1608 283 totaque
1640 233 1694 271 de

94 300 260 339 ratione
276 299 545 339 humationis
565 313 699 338 unum
725 300 963 339 tenendum
984 306 1062 348 est,
1077 300 1131 339 ad
1151 314 1308 353 corpus
1328 300 1445 340 illam
1466 301 1694 353 pertinere,

92 370 183 408 siue
205 368 414 408 occiderit
437 368 609 407 animus
632 368 723 408 siue
752 369 910 420 uigeat.

974 369 1013 407 in
1039 382 1220 420 corpore
1242 376 1389 408 autem
1415 370 1692 422 perspicuum

91 443 158 477 est
181 437 247 477 uel
270 437 493 477 exstincto
515 437 663 475 animo
688 436 753 475 uel
778 437 929 489 elapso
954 437 1121 476 nullum
1147 438 1332 477 residere
1354 452 1542 478 sensum.

180 506 346 545 XLIV.

410 505 503 546 105.
557 506 644 545 Sed
670 505 798 558 plena
821 520 1013 546 errorum
1038 513 1138 546 sunt
1162 508 1321 546 omnia.

1376 507 1508 547 trahit
1530 508 1694 547 Hecto·

93 588 181 614 rem
205 575 260 614 ad
283 588 454 614 currum
480 573 709 625 religatum
731 574 946 624 Achilles;
977 575 1152 615 lacerari
1176 590 1275 615 eum
1300 582 1343 615 et
1366 577 1536 624 sentire,
1553 577 1695 624 credo,

93 650 229 697 putat.

92 713 418 753 acerbissimam
444 726 532 752 rem
558 720 722 752 maeret
743 728 749 752 :

289 657 394 695 ergo
424 643 491 682 hic
522 643 754 690 ulciscitur,
784 650 830 684 ut
860 643 1038 696 quidem
1069 644 1150 684 sibi
1176 644 1374 693 uidetur;
1408 653 1452 685 at
1484 646 1555 685 illa
1584 646 1695 685 sicut

322 779 453 828 Vidi,
487 780 661 820 uidere
693 780 828 833 quod
863 794 937 820 me
970 795 1118 834 passa
1150 781 1458 833 aegerrume,

325 849 597 890 Hectorem
631 864 775 889 curro
808 849 1116 902 quadriiugo
1149 851 1410 903 rapteirier.

90 933 220 973 quem
249 920 499 967 Hectorem,
523 926 598 959 aut
620 933 752 973 quam
777 919 849 959 diu
875 919 946 959 ille
975 921 1055 960 erit
1090 921 1288 960 Hector?

90 995 134 1028 et
157 989 394 1041 aliquando
417 989 591 1041 sapiens
616 988 838 1028 Achilles:

156 1112 283 1143 XLIV.
318 1113 334 1149 ᾗ
351 1115 420 1147 105,
440 1123 468 1151 3.
499 1090 683 1142 stilciscitur
700 1112 728 1141 V
745 1112 930 1142 correctoris
944 1112 1083 1152 antiqui
1093 1122 1198 1142 manu
1211 1116 1367 1151 superscr.

90 1178 192 1203 meret
212 1173 240 1202 R
257 1172 287 1203 G
306 1173 345 1202 E.

92 1233 121 1262 R
140 1232 168 1261 V
186 1232 215 1263 G
236 1232 268 1262 K
284 1237 312 1262 el
329 1242 432 1262 manu
443 1232 556 1272 prima
573 1232 606 1261 l'.

436 1158 539 1214 unsret
557 1172 578 1203 S
596 1177 631 1201 at
643 1173 759 1211 fuer-al
767 1171 909 1211 sortasse
926 1177 1039 1202 meret.
1132 1181 1160 1210 5.

656 1234 742 1270 (ante
757 1232 927 1271 egerrime)
948 1232 1000 1262 131
1018 1242 1032 1262 2
1077 1231 1098 1263 S
1118 1232 1146 1262 E
1185 1232 1227 1261 W
1240 1242 1256 1262 2
1298 1232 1327 1262 R
1341 1243 1355 1262 2
1373 1243 1410 1263 10
1425 1242 1459 1271 17

1351 921 1505 960 melius
1531 920 1694 960 Accius

1433 1124 1462 1151 4.
1497 1116 1599 1153 meret
1612 1111 1641 1140 V
1658 1111 1695 1140 Β.

1209 1182 1260 1202 me
1278 1182 1372 1212 passa
1389 1173 1476 1208 (aule
1491 1173 1693 1212 aegerrume)

1501 1232 1530 1262 G
1544 1243 1559 1263 2
1574 1242 1590 1271 3
1640 1232 1663 1261 l’
1675 1245 1694 1271 ,4

92 1276 121 1305 II
138 1276 155 1316 J
205 1275 233 1305 O
251 1287 275 1306 1.
373 1286 424 1305 me
456 1286 533 1315 pasa
566 1276 595 1305 O
608 1285 636 1315 9.
734 1285 829 1315 passa
861 1277 927 1312 (me
957 1274 1083 1314 amisso)
1117 1275 1146 1304 V
1162 1285 1194 1305 11
1245 1275 1274 1305 O
1290 1284 1317 1314 7.
1414 1286 1465 1306 me
1497 1286 1591 1315 passa
1622 1286 1692 1305 sum

92 1319 127 1348 M
144 1329 154 1348 1
200 1319 227 1348 E
241 1328 256 1357 5
298 1319 327 1349 O
345 1329 353 1348 1
367 1329 375 1348 1
397 1328 443 1348 12.
522 1329 592 1348 sum
609 1318 673 1348 alio
689 1324 809 1348 atram.
830 1324 985 1357 superscr.
1006 1318 1034 1348 R
1046 1321 1076 1347 8.
1155 1329 1207 1348 me
1224 1329 1355 1359 passam
1375 1319 1408 1348 M
1423 1329 1438 1348 2
1481 1319 1506 1348 B
1519 1329 1536 1357 3
1577 1319 1607 1348 O
1621 1318 1692 1348 2-6.

90 1372 142 1392 me
159 1372 287 1402 passam
305 1362 334 1392 O
352 1373 398 1393 10.
491 1372 542 1391 me
558 1362 647 1402 quod
665 1372 736 1391 sum
759 1372 853 1401 passa
872 1361 902 1391 D
921 1361 958 1392 C.
1053 1372 1104 1391 me
1123 1362 1212 1402 quod
1236 1372 1329 1402 passa
1349 1372 1419 1391 sum
1438 1362 1467 1393 O
1480 1364 1510 1392 8.
1604 1361 1693 1402 quod

90 1415 161 1435 sum
189 1415 284 1445 passa
307 1405 348 1435 W
365 1416 390 1435 1.
481 1404 510 1435 6.

89 1451 184 1495 curtii
206 1465 232 1494 B
251 1465 283 1494 K
301 1465 328 1494 E
350 1464 416 1494 alio
436 1469 556 1494 alram.
582 1470 740 1504 superscr.

90 1508 195 1538 currui
213 1508 243 1537 G
257 1519 284 1538 2.
385 1518 479 1538 curru
498 1508 524 1537 B
540 1518 550 1537 1
568 1518 584 1547 3
633 1508 656 1537 P

95 1562 132 1582 10
147 1561 181 1592 17

93 1593 152 1625 R6
192 1595 248 1632 133
287 1594 344 1624 Ez
385 1594 634 1632 0258-1012.

92 1693 317 1731 Πανταχόθεν,
336 1694 399 1730 ἔφη
420 1696 475 1732 (sc.
499 1693 741 1732 Anaxagoras),
762 1692 854 1729 ὁμοία

91 1737 177 1767 ἐστὶν
198 1737 216 1772 ὴ
232 1738 272 1767 εἰς
289 1736 363 1774 ᾅδου
380 1736 567 1775 κατάβασις.

133 1782 301 1816 totaque:
327 1779 375 1809 for
398 1790 471 1819 -que
491 1779 656 1819 summing
678 1789 722 1819 up
739 1778 779 1808 cf.
799 1788 849 1818 34,

90 1824 129 1853 82
148 1833 180 1852 n.

133 1868 171 1896 in
198 1874 340 1902 corpore
365 1869 505 1895 autem:
547 1865 635 1895 Ktih.
663 1870 756 1895 notes
782 1865 852 1895 that

90 1914 198 1939 aulem
231 1909 318 1943 here,
348 1919 382 1938 as
410 1909 442 1938 in
475 1908 506 1938 iii
537 1918 564 1946 7,
598 1907 730 1947 14fin.,
767 1909 853 1938 ‘non

91 1952 213 1983 cadunt
241 1951 481 1982 autem'...and
510 1951 611 1986 often,
636 1962 744 1981 serves
774 1951 853 1989 (like

90 1996 194 2035 atqui,
212 2000 255 2030 at,
274 1995 339 2025 and
360 1998 401 2031 el)
419 2001 452 2025 to
475 1994 645 2024 introduce
669 1995 722 2024 the
746 1994 854 2025 minor

90 2039 228 2079 premiss
245 2039 281 2068 of
299 2049 317 2068 a
339 2038 518 2079 syllogism,
539 2038 593 2068 the
613 2037 801 2068 conclusion
818 2038 855 2068 de

91 2082 278 2112 humatione
294 2086 322 2111 el
342 2083 508 2121 sepultura
532 2081 623 2110 nillil
636 2081 852 2111 laborandum

89 2135 152 2155 esse
167 2125 275 2165 being,
296 2124 328 2154 in
347 2124 409 2155 this
427 2125 582 2160 instance,
603 2124 834 2164 unexpressed.

134 2168 259 2198 XLIV.
291 2169 392 2205 §105.
430 2171 567 2198 omnia:
593 2167 720 2197 limited
741 2168 782 2207 by
798 2167 853 2197 the

90 2211 353 2242 context—‘this
381 2211 487 2240 whole
518 2209 669 2251 snbject.²
715 2210 766 2241 Cf.
802 2221 851 2249 40,

91 2263 141 2295 95,
168 2256 297 2284 ‘omnes
313 2254 477 2294 ineptias.’

133 2299 248 2328 trahit
263 2299 464 2327 Hectorem:
492 2297 532 2327 Il.
549 2297 615 2326 xxii
636 2305 693 2337 395
712 2296 778 2326 foll.

134 2343 254 2371 eredo:
282 2342 332 2380 38,
351 2351 389 2381 92
409 2350 441 2369 n.
460 2350 503 2369 on
519 2340 645 2379 opinor.

133 2385 218 2414 illa:
243 2394 286 2414 sc.
308 2383 542 2413 Andromache
569 2382 618 2422 (or
644 2382 795 2422 Hecuba)
820 2383 853 2413 in

92 2425 227 2457 Ennins'
244 2426 480 2456 Andromacha
503 2425 738 2456 Aechmalotis.
790 2427 854 2456 For

92 2469 155 2500 this
172 2469 269 2500 mode
285 2469 321 2499 of
333 2469 487 2508 referring
505 2475 537 2499 to
559 2480 578 2499 a
595 2470 762 2499 character
778 2469 810 2499 in
835 2479 853 2499 a

92 2513 303 2543 well-known
323 2513 399 2553 play
419 2513 486 2542 Mo.
508 2522 678 2552 compares
700 2512 795 2542 N.D.
819 2512 853 2542 iii

93 2565 144 2597 29,
175 2565 211 2595 72
247 2555 321 2586 ‘ille
353 2555 385 2585 in
420 2555 681 2585 Eunucho...ille
711 2565 788 2585 uero
820 2555 853 2585 in

92 2598 310 2639 Synephebis.
319 2624 324 2629 .
333 2624 338 2629 .
347 2597 366 2628 .'

134 2645 267 2672 maeret
291 2641 369 2671 with
393 2651 474 2676 acc.,
497 2641 555 2671 but
579 2641 612 2671 in
642 2651 689 2681 13,
716 2652 756 2681 30
773 2641 851 2671 with

90 2694 148 2714 suo
165 2685 359 2715 incommodo
375 2685 439 2715 abl.
461 2683 498 2714 of
509 2694 615 2714 cause.

134 2729 209 2757 uidi
223 2730 343 2758 uidere
358 2740 365 2758 :
390 2727 438 2757 for
455 2727 510 2758 the
527 2729 719 2766 παρήχηο-ις,
737 2728 778 2758 cf.
797 2728 848 2765 28,

92 2769 111 2800 6
150 2781 183 2800 n.

115 2780 227 2849 9quod
244 2821 299 2843 me
320 2821 447 2850 passa:
472 2824 508 2843 so
530 2818 615 2843 most
636 2821 711 2843 Mss.
762 2813 847 2843 Dav.

92 2856 233 2896 rejected
254 2857 341 2896 quod
362 2867 435 2886 sum
451 2861 550 2896 passa
567 2855 676 2886 which
699 2856 851 2886 Ribbeck

93 2899 186 2929 reads
224 2899 303 2929 with
340 2899 381 2929 W
417 2899 482 2929 and
520 2899 552 2928 D
588 2900 713 2938 (Scaen.
758 2900 850 2929 Rom.

560 1415 652 1435 curro
678 1405 731 1434 R1
752 1415 788 1435 10
835 1404 865 1435 G
883 1404 911 1434 L
958 1405 1013 1434 132
1063 1405 1126 1443 1³4.

1217 1415 1311 1435 curru
1336 1405 1365 1434 V
1393 1410 1429 1434 at
1444 1404 1563 1445 suerat
1587 1415 1692 1435 curro.

830 1474 936 1494 curroi
961 1464 1021 1503 05
1048 1465 1100 1495 τζε.
1130 1475 1223 1495 curro
1251 1465 1287 1494 in
1316 1465 1422 1495 currui
1449 1469 1486 1494 nl
1511 1465 1578 1494 m'a'.
1608 1469 1688 1495 mul.

702 1508 802 1537 W12
852 1507 911 1546 G3
958 1507 1034 1538 CII
1053 1508 1071 1548 J
1120 1506 1331 1547 O1—46—12.
1435 1518 1462 1547 7.

229 1551 366 1591 V1411
417 1551 506 1589 G13
554 1551 638 1580 Biz
688 1550 920 1624 Kquclt'iffleS
940 1551 967 1580 E
986 1550 1013 1580 L
1033 1551 1062 1580 l)
1081 1551 1141 1591 CJ
1191 1551 1405 1590 0134611.

1509 1508 1616 1538 accius
1635 1508 1663 1538 l<
1680 1518 1689 1537 1

1498 1551 1600 1581 actius
1627 1552 1660 1580 M
1676 1561 1691 1581 2

978 1594 1104 1624 acutius
1120 1594 1149 1623 V
1163 1604 1178 1633 5
1220 1594 1249 1625 O
1264 1604 1292 1634 7.
1369 1595 1466 1625 attius
1483 1605 1547 1624 non
1566 1595 1693 1624 inueni.

928 1692 1015 1722 Poes.
1035 1693 1132 1732 W‘ag.
1155 1700 1169 1720 1
1186 1693 1312 1722 Ennius
1329 1692 1350 1722 l.
1365 1692 1432 1733 90).
1480 1692 1553 1722 The
1570 1698 1690 1722 constr.

929 1735 954 1766 is
972 1736 1059 1775 qnod
1071 1736 1247 1775 aegerrime
1254 1741 1353 1775 passa
1373 1734 1469 1775 (sum)
1489 1746 1537 1765 me
1555 1736 1669 1766 uidere.

971 1777 1176 1809 Hectorem:
1212 1779 1260 1809 for
1288 1779 1342 1809 the
1367 1783 1387 1808 o
1411 1778 1452 1809 cf.
1478 1778 1583 1809 Varro
1608 1779 1691 1808 L.L.

928 1833 948 1851 x
985 1830 1024 1860 70
1067 1824 1152 1852 ‘non
1197 1822 1296 1852 mo'do
1336 1828 1464 1861 poetae,
1498 1822 1555 1852 sed
1593 1822 1691 1852 etiam

928 1865 1076 1905 plerique
1110 1876 1147 1895 ac
1184 1866 1290 1905 primo
1325 1876 1451 1900 omnes,
1490 1866 1545 1906 qui
1584 1865 1692 1896 soluta

928 1909 1076 1939 oratione
1102 1909 1290 1948 loquuntur,
1319 1909 1484 1943 dicebant,
1514 1915 1548 1938 ut
1577 1919 1690 1949 quaes—

928 1957 1045 1988 torem,
1080 1957 1274 1992 praetorem,
1307 1952 1352 1981 sic
1387 1952 1578 1986 Hectorem,
1607 1952 1690 1982 Nes-

928 2001 1043 2025 torem.
1078 1995 1193 2035 Itaqne
1206 1994 1331 2025 Ennius
1343 1995 1387 2024 ait
1406 1995 1561 2025 Hectoris
1578 2001 1691 2025 natum

927 2038 967 2068 de
985 2037 1129 2068 Troiano
1148 2048 1240 2068 muro
1257 2037 1405 2068 iactarier
1418 2037 1489 2068 '—a
1506 2038 1571 2068 line
1584 2038 1691 2068 which

929 2081 1079 2111 Ribbeck
1105 2081 1198 2111 takes
1220 2086 1253 2111 to
1273 2081 1356 2111 have
1379 2081 1533 2111 followed
1553 2081 1608 2111 the
1626 2088 1691 2111 two

927 2124 1009 2154 lines
1025 2124 1121 2164 given
1140 2124 1173 2154 in
1194 2135 1254 2154 our
1269 2134 1415 2164 passage.
1466 2124 1517 2155 Cf.
1541 2124 1562 2154 ii
1584 2134 1632 2163 17,
1651 2134 1691 2165 39

932 2169 938 2181 ‘
950 2168 1128 2197 Hectoris.'

969 2218 1090 2240 curro:
1115 2210 1164 2240 for
1188 2210 1251 2240 this
1274 2210 1356 2240 form
1379 2210 1420 2240 cf.
1439 2210 1553 2249 Quint.
1574 2210 1583 2240 i
1601 2210 1631 2246 6,
1651 2220 1689 2250 27

928 2256 934 2268 ‘
947 2254 1023 2294 quid
1042 2254 1083 2283 (le
1100 2253 1172 2283 aliis
1188 2253 1308 2291 dicam,
1323 2264 1397 2284 cum
1414 2258 1546 2283 senaszts
1560 2258 1691 2284 senatus

926 2297 1057 2326 senatui
1084 2307 1125 2326 an
1152 2301 1282 2326 senatus
1309 2298 1417 2326 senati
1444 2301 1554 2326 senato
1579 2297 1686 2334 faciat,

927 2339 1085 2370 incertum
1110 2339 1192 2370 sit?’

969 2384 1170 2419 raptarier:
1209 2382 1258 2412 for
1292 2393 1310 2412 a
1348 2383 1463 2422 theory
1493 2393 1528 2413 as
1560 2389 1593 2413 to
1625 2383 1690 2413 this

926 2425 1102 2456 formation
1141 2436 1195 2456 see
1234 2426 1324 2457 Stolz
1362 2426 1427 2456 and
1465 2426 1618 2456 Schmalz
1656 2428 1688 2457 in

929 2468 1075 2499 Mtiller’s
1101 2469 1209 2499 Hdblz.
1228 2469 1258 2499 d.
1282 2470 1339 2499 Kl.
1361 2470 1551 2499 Alt.-le·ss.
1573 2470 1638 2500 vol.
1661 2478 1688 2500 11

926 2515 942 2549 ᾖ·
964 2523 1033 2550 ¹15·

970 2563 1073 2592 quem
1088 2557 1270 2585 Hectorem
1285 2555 1458 2594 derisively
1475 2556 1600 2586 echoed
1613 2566 1620 2591 ;
1645 2555 1686 2586 cf.

927 2599 1014 2629 ποῖος
1031 2598 1064 2628 in
1081 2598 1203 2629 Greek.
1253 2600 1260 2612 ‘
1276 2598 1403 2628 Hector
1419 2599 1564 2629 indeed.⁷

969 2643 1056 2671 erit:
1097 2641 1167 2671 Cic.
1207 2641 1411 2681 graphically
1443 2641 1688 2682 apostrophises

926 2684 980 2714 the
1000 2684 1139 2725 speaker
1158 2694 1192 2714 as
1215 2684 1339 2724 though
1364 2685 1421 2714 she
1438 2695 1523 2715 were
1545 2690 1686 2724 present,

925 2728 1001 2764 and,
1037 2728 1079 2767 by
1110 2738 1181 2766 way
1206 2727 1244 2757 of
1269 2728 1409 2758 rednclz'o
1439 2728 1485 2757 ad
1511 2727 1687 2757 absurdum

925 2770 1011 2805 asks,
1028 2771 1209 2810 supposing
1225 2769 1280 2800 the
1304 2780 1418 2810 corpse
1434 2771 1460 2800 is
1477 2770 1541 2800 still
1564 2771 1689 2800 Hector

925 2813 1050 2853 though
1079 2813 1134 2843 the
1162 2813 1216 2843 life
1240 2813 1266 2843 is
1290 2823 1375 2853 gone
1404 2820 1459 2843 out
1491 2813 1528 2843 of
1551 2814 1585 2848 it,
1611 2813 1686 2843 how

925 2856 1002 2896 long
1019 2856 1084 2885 will
1103 2857 1126 2886 it
1143 2856 1298 2886 continue
1316 2863 1349 2886 to
1367 2856 1407 2885 be
1428 2856 1576 2886 Hector?
1616 2857 1686 2886 Mo.

924 2899 1071 2939 wrongly
1088 2899 1210 2929 wished
1227 2904 1260 2929 to
1281 2899 1357 2929 read
1375 2903 1453 2929 erat.
1505 2898 1594 2938 liuh.
1613 2899 1687 2929 well
