1897 3163
514 661 581 707 M.
633 662 851 712 TVLLI
907 666 1311 719 CICERONIS

262 782 868 836 TVSCVLANARVM
924 791 1551 845 DISPVTATIONVM

616 923 807 964 LIBER
852 926 1199 972 SECVNDVS.

192 1042 222 1082 Ι.
276 1044 310 1084 1.
368 1044 689 1098 Neoptolemus
712 1051 891 1103 quidem
923 1055 1041 1107 apud
1074 1056 1268 1099 Ennium
1299 1061 1596 1116 philosophari
1625 1067 1709 1107 sibi

101 1112 162 1151 ait
198 1126 373 1153 necesse
406 1128 513 1163 esse,
545 1117 620 1157 sed
660 1121 837 1171 paucis;
876 1136 978 1163 nam
1014 1127 1196 1168 omnino
1228 1128 1345 1170 haud
1379 1132 1561 1184 placere.
1622 1149 1709 1187 ego·

100 1186 262 1229 autem,
297 1182 441 1231 Brute,
474 1198 652 1226 necesse
685 1189 790 1228 mihi
825 1192 1004 1243 quidem
1039 1208 1132 1236 esse
1164 1197 1349 1239 arbitror
1380 1201 1704 1255 philosophari:

100 1261 201 1288 nam
235 1251 340 1303 quid
374 1266 566 1304 possum,
600 1259 856 1308 praesertim
895 1262 1001 1302 nihil
1035 1277 1182 1317 agens,
1214 1280 1344 1320 agere
1380 1270 1565 1311 melius?
1627 1274 1702 1314 sed

65 1338 79 1361 5
98 1331 187 1358 non
210 1321 376 1371 paucis,
401 1328 447 1361 ut
471 1323 553 1364 ille.
616 1325 792 1367 difficile
824 1336 889 1369 est
917 1331 1032 1371 enim
1065 1334 1107 1373 in
1137 1335 1417 1390 philosophia
1446 1354 1585 1392 pauca
1607 1356 1701 1383 esse

96 1387 134 1426 ei
165 1394 282 1438 nota,
304 1391 372 1429 cui
404 1405 490 1431 non
523 1394 611 1433 sint
644 1402 719 1434 aut
751 1397 959 1451 pleraque
989 1408 1064 1441 aut
1093 1405 1252 1445 omnia.
1315 1420 1416 1447 nam
1448 1423 1526 1449 nec
1559 1425 1698 1464 pauca

166 1509 265 1539 Verba
290 1510 330 1541 de
354 1511 526 1543 tolerando
552 1513 665 1545 dolore
691 1527 756 1546 non
783 1517 902 1548 habent
930 1519 958 1549 R
974 1530 986 1550 1
1002 1521 1071 1552 216
1117 1523 1148 1553 V
1194 1524 1219 1554 B
1236 1535 1246 1554 1
1264 1536 1280 1556 2
1328 1526 1360 1557 K
1378 1526 1400 1558 S
1447 1528 1475 1558 E
1491 1539 1501 1559 1
1518 1538 1534 1569 5
1550 1538 1565 1569 7

93 1550 194 1582 W12
247 1553 310 1584 M1
368 1555 399 1584 D
417 1555 445 1587 C
495 1556 720 1599 01-47—911
739 1570 785 1590 12.

859 1562 933 1592 haec
967 1569 1028 1594 aut
1061 1566 1169 1596 simile
1204 1568 1336 1609 aliquid
1368 1571 1487 1602 habent
1518 1573 1554 1603 M
1568 1540 1618 1603 213
1633 1531 1693 1615 EI}

93 1594 124 1624 Π
138 1594 182 1668 JI.
206 1595 297 1677 O§51,6
309 1607 360 1670 ‘²1⁰0
384 1640 462 1672 haut
480 1642 523 1673 K.
615 1654 643 1683 5.
682 1646 769 1676 enim
786 1647 998 1689 philosophia
1016 1651 1045 1681 R
1060 1661 1072 1682 1
1089 1662 1104 1682 2
1149 1652 1180 1683 G
1197 1664 1207 1684 1
1224 1665 1240 1694 3
1289 1656 1314 1685 B
1331 1666 1342 1686 1
1359 1667 1375 1687 2
1425 1657 1452 1688 Ε
1468 1668 1479 1688 1
1495 1669 1510 1690 2
1552 1659 1595 1689 W
1609 1671 1624 1691 2
1669 1661 1689 1702 J

91 1701 121 1733 O
136 1710 163 1740 7.
253 1708 306 1735 eni
322 1705 531 1747 philosophia
549 1708 592 1738 K.
675 1710 761 1741 enim
772 1688 989 1754 isshilosophia
1007 1715 1037 1744 V
1056 1716 1081 1745 P
1096 1717 1167 1747 alia
1185 1728 1288 1749 manu
1304 1721 1360 1751 sed
1370 1723 1510 1763 antiqua
1526 1729 1682 1763 superscr.

648 1753 845 1786 eniminL
892 1757 961 1788 Wr
1011 1759 1109 1790 Miz
1157 1760 1215 1798 G4
1264 1763 1320 1803 133
1368 1764 1425 1803 E5
1473 1766 1683 1806 03—68—10.

90 1745 112 1777 S
130 1746 160 1776 Π
181 1747 250 1777 alia
275 1758 379 1778 manu
401 1755 558 1790 superscr.

1009 1802 1070 1831 ·N·
1088 1802 1166 1843 phie
1190 1804 1220 1836 O
1236 1815 1283 1836 12.

87 1789 176 1820 enim
199 1795 248 1821 est
269 1791 302 1820 in
323 1791 392 1822 R6.
486 1794 572 1824 enim
596 1795 825 1838 philosophiae
845 1799 874 1830 O
888 1810 918 1830 2.

87 1831 120 1862 D
138 1832 164 1863 C
213 1833 242 1865 O
258 1844 269 1864 1
290 1844 336 1864 11.

1373 1808 1460 1838 enim
1477 1810 1687 1852 philosophie

131 1942 159 1972 Ι.
196 1944 212 1981 ἓ
229 1947 257 1974 1.
297 1947 392 1982 apud
407 1948 568 1978 Ennium:
591 1948 645 1979 the
662 1960 799 1991 passage
816 1952 848 1982 in

88 1984 214 2017 Ennius
239 1987 263 2017 is
287 1989 356 2018 also
380 1989 520 2020 referred
545 1996 577 2021 to
602 1992 634 2022 in
660 1993 717 2024 Or.
748 1994 768 2024 ii
794 2005 845 2034 37,

89 2027 171 2067 1563
208 2030 290 2071 Rep.
321 2030 330 2060 i
362 2033 409 2069 18,
440 2043 499 2072 30;
538 2034 663 2065 Gellius
692 2047 711 2065 v
739 2047 787 2076 15,
814 2048 843 2078 9.

85 2071 186 2102 From
217 2073 308 2104 these
339 2085 504 2116 passages.
532 2077 694 2116 Ribbeck,
729 2081 842 2112 Scaen.

85 2115 180 2146 Rom.
208 2117 295 2147 Poes.
321 2118 419 2159 Frag.
450 2127 459 2149 1
485 2131 516 2160 p.
546 2120 584 2160 65
611 2121 684 2152 thus
708 2129 846 2155 restores

85 2157 140 2188 the
157 2159 222 2189 line
243 2160 280 2190 of
300 2160 426 2192 Ennius
443 2161 489 2200 (as
516 2164 557 2193 G.
578 2164 608 2204 J.
631 2165 766 2197 Vossius
788 2167 845 2198 did

87 2200 197 2232 before
213 2202 292 2240 him,
313 2214 365 2235 see
384 2205 468 2243 Mo.)
484 2218 490 2236 :

89 2243 335 2286 ‘Philosophari
349 2254 395 2278 est
409 2247 489 2279 mihi
506 2260 648 2288 necesse,
663 2257 695 2282 at
713 2251 843 2293 paucis:

373 2302 449 2321 nam
466 2294 601 2323 omnino
617 2293 695 2325 haut
713 2296 843 2335 placet.’

128 2331 212 2362 Dav.
234 2342 404 2373 compares
421 2335 573 2366 Callicles
590 2337 622 2366 in
639 2338 720 2368 Plat.
739 2339 841 2380 Gorg.

83 2374 146 2412 484
170 2385 187 2404 e
211 2377 388 2414 φιλοσοφία
413 2376 476 2417 ’γάρ
502 2380 550 2409 τοί
578 2381 646 2410 ἐστι
669 2379 777 2421 χάριεν
805 2384 843 2413 ἄν

81 2427 128 2447 τις
153 2418 248 2448 αὐτοῦ
279 2421 410 2458 μετρίως
440 2420 560 2461 ἅψηται
587 2425 620 2452 ἐν
649 2422 688 2462 τῇ
715 2425 836 2465 ἡλικίᾳ·

82 2458 136 2489 ἐὰν
161 2461 195 2490 δέ
218 2464 392 2502 περαιτέρω
415 2466 469 2493 τοῦ
496 2466 619 2496 δέοντος
642 2468 837 2509 ἐνδιατρίψῃ,

81 2502 237 2541 διαφθορὰ
260 2506 322 2534 τῶν
344 2507 526 2544 ἀνθρώπων.
576 2509 663 2540 Kuh.
684 2512 782 2542 refers
805 2518 837 2542 to

79 2544 159 2576 Tac.
186 2547 264 2587 Agr.
298 2558 325 2578 c.
350 2561 368 2584 4
394 2550 515 2590 adfin.
546 2553 719 2583 ‘memoria
744 2560 839 2586 teneo

78 2588 210 2620 solitum
240 2590 346 2631 ipsum
373 2603 513 2629 narrare,
542 2605 576 2625 se
603 2595 635 2625 in
663 2597 769 2636 prima
792 2598 838 2629 iu-

78 2637 177 2662 uenta
199 2634 340 2664 studium
363 2635 592 2678 philosophiae
614 2640 730 2677 acrius,
753 2641 839 2672 ultra

77 2684 175 2714 quam
207 2686 394 2708 concessum
425 2679 576 2711 Romano
611 2692 648 2712 ac
681 2685 836 2720 senatori,

76 2716 232 2754 hausisse,
258 2719 290 2750 ni
322 2721 495 2761 prudentia
520 2725 836 2758 matris...coercuis-

75 2760 143 2790 set.’

119 2803 269 2835 Ribbeck
317 2807 520 2847 conjectures
562 2810 632 2841 that
673 2811 728 2842 the
769 2813 836 2843 line

75 2845 212 2888 belongs
230 2853 263 2878 to
280 2849 335 2879 the
356 2851 589 2883 Andromacha
604 2854 833 2886 Aeclzmalotz's.

75 2887 127 2919 Cf.
151 2889 202 2920 for
222 2891 277 2922 the
296 2893 448 2924 occasion
468 2905 511 2925 on
527 2895 635 2927 which
658 2897 714 2928 the
737 2899 834 2929 senti-

176 2967 214 2994 D.

919 1959 1009 1984 ment
1026 1954 1052 1985 is
1069 1957 1233 1996 supposed
1252 1963 1286 1988 to
1307 1958 1391 1990 have
1407 1959 1490 1991 been
1508 1964 1681 2002 expressed

920 1996 1013 2027 Plato
1042 1998 1146 2039 Hipp.
1178 2000 1256 2031 Mai.
1282 2002 1343 2033 286
1368 2003 1388 2032 b
1411 2005 1522 2040 ἐπειδὴ
1544 2006 1563 2042 ὴ
1586 2007 1680 2045 Τροία

918 2037 984 2075 ἥλω
996 2042 1083 2080 λέγει
1097 2042 1112 2071 ὁ
1126 2043 1221 2081 λόγος
1233 2044 1281 2074 ὅτι
1294 2045 1519 2083 Νεοπτόλεμος
1530 2049 1679 2089 Νέστορα

917 2084 1016 2122 ἔροιτο
1039 2084 1114 2114 ποῖά
1134 2088 1202 2116 ἐστι
1226 2089 1310 2117 καλὰ.
1334 2089 1579 2127 ἐπιτηδεύματα,
1599 2092 1618 2122 ἀ)
1643 2094 1680 2123 ἄν

915 2137 960 2157 τις
999 2128 1208 2165 ἐπιτηδεύσας
1247 2131 1313 2162 νέος
1349 2129 1390 2162 ὢν
1428 2134 1677 2171 εὐδοκιμώτατος

913 2171 1048 2208 γένοιτο.

955 2216 1098 2249 paucis:
1125 2215 1250 2256 Roby§
1270 2227 1369 2257 1²373
1395 2219 1536 2251 Wilkins
1554 2231 1596 2251 on
1614 2222 1671 2253 Or.

912 2255 932 2285 ii
951 2265 1002 2295 37,
1025 2256 1094 2295 156.

955 2301 1102 2337 omnino,
1128 2302 1305 2343 ‘entirely‚’
1322 2304 1360 2334 cf.
1382 2305 1390 2334 i
1413 2316 1438 2341 1,
1460 2316 1486 2336 1.

953 2343 1043 2372 nihil
1065 2351 1175 2380 agens
1196 2353 1301 2382 agere
1323 2349 1467 2378 melius:
1494 2350 1545 2380 i.e.
1570 2351 1617 2381 ‘in
1640 2362 1674 2382 re

911 2385 1043 2424 publica
1060 2387 1141 2417 nihil
1165 2389 1288 2428 agens‚’
1306 2390 1346 2420 cf.
1365 2391 1443 2421 Diu.
1462 2392 1483 2422 ii
1503 2403 1530 2430 2,
1546 2393 1565 2424 6
1583 2397 1672 2425 ‘cum

909 2427 942 2457 in
973 2429 1071 2459 armis
1102 2430 1252 2462 ciuilibus
1279 2443 1338 2464 nec
1370 2435 1452 2464 tueri
1480 2446 1554 2466 meo
1582 2447 1672 2468 more

908 2481 975 2501 rem
993 2472 1159 2512 publicam
1182 2484 1241 2505 nec
1260 2476 1340 2506 nihil
1363 2487 1458 2517 agere
1480 2485 1628 2519 poteram
1641 2480 1670 2519 ’3

907 2514 976 2544 also
993 2525 1024 2544 n.
1044 2526 1085 2545 on
1103 2516 1112 2546 i
1128 2527 1154 2554 1,
1176 2527 1201 2547 1.
1235 2518 1301 2549 For
1316 2530 1334 2549 a
1350 2520 1473 2552 similar
1489 2533 1668 2562 oxymoron

907 2556 947 2587 cf.
981 2557 1046 2588 Off.
1080 2559 1113 2589 iii
1149 2570 1176 2595 1,
1213 2571 1224 2591 1
1263 2565 1269 2577 ‘
1283 2573 1461 2604 numquam
1497 2576 1531 2595 se
1562 2566 1669 2597 minus

907 2600 1047 2631 otiosum
1072 2612 1141 2632 esse
1163 2613 1260 2643 quam
1285 2615 1356 2635 cum
1383 2608 1529 2638 otiosus.⁷

948 2644 1006 2674 in:
1043 2645 1107 2675 this
1131 2647 1221 2676 word
1250 2647 1305 2678 fell
1333 2655 1388 2679 out
1416 2651 1498 2681 after
1521 2653 1604 2682 enim
1633 2654 1665 2683 in

905 2695 996 2716 some
1012 2688 1100 2727 early
1119 2696 1194 2720 MSS.
1245 2690 1296 2721 Cf.
1319 2692 1329 2722 i
1354 2703 1406 2730 40,
1424 2703 1462 2734 97
1480 2695 1588 2725 where
1611 2695 1666 2726 the

905 2738 1060 2761 converse
1085 2741 1173 2762 error
1194 2735 1358 2765 occurred.
1409 2736 1473 2767 But
1497 2737 1552 2767 the
1574 2739 1664 2769 word

904 2771 931 2802 is
947 2772 1024 2803 here
1040 2781 1169 2813 present
1188 2775 1220 2805 in
1237 2787 1255 2806 a
1273 2778 1362 2817 large
1379 2778 1461 2809 class
1478 2780 1516 2810 os
1528 2789 1603 2811 MSS.

946 2818 1002 2845 cui
1022 2824 1091 2846 non
1110 2819 1205 2849 sint:
1230 2819 1311 2850 class
1332 2821 1434 2861 subj.;
1460 2823 1515 2853 the
1537 2824 1662 2864 subject

903 2857 929 2888 is
945 2868 964 2888 a
979 2859 1103 2890 mental
1120 2862 1325 2902 conception.

1507 2988 1548 3012 11
