1897 3142
168 274 201 290 20

167 615 200 638 25

166 958 200 981 30

221 128 274 165 62
427 126 984 168 TVSCVLANARVM
1023 128 1178 168 DJSP
1193 128 1311 169 VTA
1327 129 1593 171 TIONVM
1649 131 1731 183 [20.
1755 131 1811 182 46

222 263 356 298 menS,
380 251 458 290 nisi
489 251 530 290 id
562 257 664 303 agat
693 258 736 291 et
766 239 890 291 adsit.
952 251 1069 304 quid,
1091 253 1209 304 quod
1239 252 1392 292 eadem
1422 259 1568 293 mente
1598 267 1663 293 res
1686 254 1810 293 dissi-

222 318 425 357 millimas
454 319 820 370 comprendimus,
843 326 890 359 ut
919 319 1120 368 colorem,
1149 333 1362 371 saporem,
1391 320 1591 368 calorem,
1617 322 1810 371 odorem,

220 386 407 425 sonum?
454 400 565 438 quae
604 401 842 439 numquam
881 388 1072 440 quinque
1110 389 1272 428 nuntiis
1309 389 1479 427 animus
1516 396 1810 441 cognosceret,

220 456 299 494 nisi
333 457 386 495 ad
419 470 516 495 eum
548 457 695 495 omnia
726 456 983 495 referrentur
1011 463 1054 496 et
1084 457 1117 495 is
1147 458 1342 496 omnium
1374 457 1507 497 iudex
1538 458 1654 497 solus
1683 464 1809 498 esset.

220 531 351 576 atque
387 538 437 563 ea
474 524 668 575 profecto
700 530 792 563 tum
828 524 966 563 multo
998 525 1172 577 puriora
1204 532 1246 564 et
1281 524 1537 565 dilucidiora
1569 533 1810 576 cernentur,

219 607 330 641 cum,
353 607 440 645 quo
469 600 623 632 natura
653 593 744 641 fert,
767 593 874 632 liber
903 594 1075 633 animus
1105 594 1359 646 peruenerit.
1440 595 1506 636 47.
1569 608 1669 634 nam
1694 608 1809 635 nunc

217 662 407 713 quidem,
444 675 711 713 quamquam
750 661 961 700 foramina
998 661 1081 709 illa,
1118 675 1229 713 quae
1266 668 1418 713 patent
1455 663 1509 701 ad
1552 663 1746 702 animum
1784 676 1809 702 a

218 742 407 780 corpore,
433 728 714 768 callidissimo
737 728 918 768 artificio
949 735 1104 768 natura
1127 729 1336 768 fabricata
1358 736 1434 776 est,
1458 735 1604 768 tamen
1629 730 1809 770 terrenis

218 797 516 849 concretisque
553 797 805 848 corporibus
838 803 938 836 sunt
974 798 1238 848 intersaepta
1275 796 1466 848 quodam
1506 799 1663 847 modo,
1709 812 1807 838 cum

217 872 362 905 autem
387 865 491 904 nihil
515 866 594 905 erit
623 873 794 917 praeter
821 866 1028 913 animum,
1051 865 1169 904 nulla
1198 879 1264 904 res
1293 866 1464 905 obiecta
1493 866 1696 918 inpediet,
1722 880 1808 919 quo

219 935 361 973 minus
383 935 606 987 percipiat,
630 934 758 986 quale
781 935 976 986 quidque
996 935 1063 974 sit.

303 1003 429 1043 XXI.
493 1002 706 1055 Quamuis
739 1003 914 1055 copiose
950 1003 1056 1042 haec
1093 1002 1348 1049 diceremus,
1383 1004 1417 1041 si
1456 1016 1521 1042 res
1556 1002 1809 1054 postularet,

215 1086 347 1124 quam
392 1072 540 1119 multa,
578 1085 709 1124 quam
752 1073 883 1118 uaria,
923 1078 1088 1123 quanta
1125 1071 1374 1123 spectacula
1415 1071 1586 1110 animus
1624 1071 1666 1110 in
1703 1070 1807 1110 locis

216 1140 474 1180 caelestibus
506 1147 619 1180 esset
654 1140 890 1179 habiturus.
971 1139 1037 1180 48.
1098 1154 1209 1192 quae
1243 1139 1421 1192 quidem
1454 1140 1651 1191 cogitans
1689 1140 1807 1179 soleo

216 1222 346 1260 saepe
396 1209 538 1248 mirari
588 1222 674 1247 non
724 1208 939 1248 nullorum
990 1208 1268 1247 insolentiam
1319 1208 1691 1260 philosophorum,
1733 1209 1807 1260 qui

217 1284 397 1316 naturae
437 1278 730 1329 cognitionem
768 1276 1040 1316 admirantur
1076 1277 1253 1328 eiusque
1290 1277 1506 1316 inuentori
1543 1282 1587 1316 et
1624 1276 1806 1329 principi

214 1347 375 1398 gratias
398 1346 670 1386 exsultantes
693 1353 829 1398 agunt
852 1359 1040 1398 eumque
1062 1352 1324 1385 uenerantur
1346 1352 1392 1384 ut
1415 1346 1568 1395 deum3
1601 1345 1806 1385 liberatos

281 1470 331 1490 20.
1011 1439 1038 1499 l?
1069 1458 1117 1499 qd
1141 1459 1174 1489 K
1197 1458 1218 1488 d
1243 1464 1251 1496 (
1254 1463 1329 1498 post
1355 1457 1377 1498 i)
1409 1459 1474 1488 alio
1497 1462 1615 1489 atram.
1651 1463 1806 1498 superscr.

215 1502 274 1576 quei}
293 1502 368 1577 ceer.
458 1535 537 1576 quid
558 1538 597 1566 cu
619 1536 647 1565 V
664 1540 700 1565 al
712 1535 831 1574 fuerat
853 1535 919 1564 alia
941 1535 1002 1565 litt.
1025 1539 1097 1575 post
1120 1537 1149 1564 sl.
1250 1534 1329 1574 quid
1345 1542 1377 1574 q7
1391 1535 1432 1564 W
1449 1546 1459 1565 1
1476 1545 1490 1564 2
1540 1535 1566 1565 B
1579 1546 1595 1574 3
1643 1535 1672 1566 O
1688 1545 1799 1566 10—12.

213 1579 292 1619 quid
310 1579 397 1619 quod
415 1578 444 1609 G
459 1589 474 1609 2
511 1578 537 1610 C
554 1580 583 1608 Π
597 1578 617 1618 J
654 1578 683 1608 O
699 1578 756 1609 1-6
768 1580 785 1608 8
798 1589 825 1618 t).
869 1577 923 1618 qd’
941 1578 970 1608 O
986 1586 1012 1616 7.
1088 1588 1137 1607 21.
1181 1578 1444 1617 comprendimus
1464 1578 1491 1607 R
1509 1578 1539 1609 G
1581 1578 1607 1608 B
1623 1588 1635 1607 1
1651 1589 1667 1608 2
1711 1578 1740 1609 O
1757 1589 1805 1609 11.

617 1625 888 1672 comphendimus
907 1631 928 1662 S
947 1631 975 1661 E
1017 1631 1060 1660 W
1072 1642 1087 1661 2
1136 1632 1169 1661 M
1188 1641 1198 1661 1
1248 1631 1278 1661 G
1291 1642 1319 1671 3.
1409 1632 1716 1672 comprehendimus
1733 1633 1775 1662 W
1790 1643 1801 1663 1

1270 1675 1355 1714 1323
1396 1675 1471 1705 DC
1511 1675 1684 1716 04-689.
1774 1680 1805 1706 et

1591 1746 1622 1771 et
1638 1741 1700 1771 nisi
1717 1741 1743 1771 is
1760 1742 1803 1771 Π.

380 1460 436 1501 qui
466 1459 554 1500 quod
586 1459 663 1490 RG
711 1460 796 1498 1³14
842 1460 909 1489 132.

215 1636 253 1663 co
273 1633 461 1673 prendimus
481 1633 521 1661 V.

217 1676 281 1706 ΜΖ
328 1676 402 1706 alsi.
494 1686 543 1715 23.
586 1675 754 1705 etisRV
794 1675 883 1705 (312
923 1674 991 1705 SL
1024 1675 1093 1704 W2
1133 1675 1228 1704 Mlz

215 1742 354 1772 hisBE
397 1743 453 1772 Rz
494 1742 554 1780 G3
590 1742 662 1777 02.

213 1785 436 1815 etidemw1
486 1785 579 1815 O11.

738 1746 768 1771 et
794 1741 855 1770 hiis
880 1741 904 1770 P
916 1754 946 1780 4.
1022 1726 1079 1770 etIS
1095 1741 1119 1770 P
1136 1741 1201 1770 alio
1217 1745 1324 1770 atram
1342 1745 1499 1780 superscr.

669 1790 700 1814 et
715 1784 816 1814 isdem
836 1784 865 1814 O
883 1793 929 1814 12.

1043 1877 1143 1916 really
1160 1875 1218 1911 is';
1244 1877 1282 1906 cf.
1309 1887 1356 1910 10.
1378 1887 1458 1907 zon.

1086 1920 1180 1950 XXI.
1231 1921 1409 1956 quamuis:
1434 1919 1668 1949 adverbztam
1688 1921 1802 1958 copiose

257 1880 292 1907 id
316 1881 401 1914 agat
423 1877 447 1916 )(
471 1878 555 1907 alias
583 1888 630 1907 res
653 1888 752 1917 agere.
800 1878 855 1914 So,
884 1888 973 1907 more

214 1921 406 1961 frequently,
424 1921 479 1950 llus
493 1931 595 1960 agere.

257 1966 351 1994 adsit
360 1977 387 1988 z
396 1965 481 1993 adsit
495 1974 538 1992 zm
544 1965 616 1993 imo.

257 2009 410 2043 quinque
434 2008 589 2036 nuntiis:
615 2005 654 2036 cf.
683 2006 773 2035 N.D.
797 2006 818 2035 ii
842 2005 892 2046 56,
914 2016 972 2045 ¹40

215 2053 222 2065 ‘
232 2060 343 2080 sensus
353 2055 472 2083 autem,
481 2050 673 2090 interpretes
680 2059 716 2079 ac
726 2049 829 2079 nuntii
842 2049 971 2079 1·erum.’

256 2095 488 2123 referrentur:
522 2092 558 2122 of
585 2092 740 2132 referring
769 2097 802 2122 to
834 2092 888 2122 the
917 2092 971 2122 de-

213 2136 316 2165 cision
341 2135 377 2165 of
397 2146 414 2165 a
438 2135 569 2170 reseree,
586 2135 625 2165 cf.
646 2146 678 2175 p.
706 2135 746 2164 R.
766 2135 875 2165 Deiot.
903 2145 931 2171 2,
955 2142 970 2174 7

216 2182 222 2194 ‘
236 2185 325 2208 tuum
343 2185 400 2212 est,
414 2178 657 2218 Caesa1·...quid
675 2188 759 2208 nunc
777 2178 855 2207 mihi
872 2178 972 2207 animi

214 2221 253 2251 sit
280 2222 319 2251 ad
349 2227 380 2251 te
408 2221 513 2261 ipsum
540 2220 682 2251 reserre.'
729 2222 774 2251 So
801 2221 880 2257 also,
907 2221 971 2250 and

214 2275 303 2294 more
330 2264 430 2299 often,
457 2264 494 2294 of
517 2264 635 2304 testing
656 2264 699 2303 by
723 2274 740 2293 a
762 2263 914 2293 standard
940 2263 976 2293 of

214 2307 387 2341 reference,
406 2308 446 2337 cf.
473 2307 529 2336 ‘ad
546 2307 748 2347 uoluptatem
766 2307 875 2336 omnia
892 2306 971 2336 refe-

214 2350 311 2381 runt.⁷
330 2350 418 2380 Lael.
441 2360 488 2390 19,
508 2360 544 2389 32
563 2350 628 2379 and
647 2350 757 2379 Reid's
774 2360 805 2379 n.

257 2396 363 2429 atque
386 2401 427 2422 ea
449 2395 622 2429 profecto:
650 2393 664 2422 Ι
685 2403 750 2422 was
767 2392 921 2432 disposed
938 2397 972 2422 to

215 2435 297 2465 refer
323 2447 357 2465 ea
382 2441 415 2465 to
440 2436 549 2466 omnia
575 2435 627 2472 (cf.
656 2436 748 2475 quale
771 2436 910 2475 quidque
931 2435 973 2465 sit

214 2478 345 2517 below),
362 2479 418 2508 but
434 2479 482 2508 Dr
494 2478 577 2508 Reid
593 2478 684 2508 takes
701 2478 723 2508 it
741 2483 774 2507 to
791 2478 872 2508 refer
888 2477 972 2508 back

215 2527 248 2551 to
274 2532 365 2561 quac,
396 2522 459 2550 and
492 2521 554 2551 this
585 2531 688 2551 seems
715 2521 828 2550 better.
869 2521 974 2559 [Quae

214 2574 301 2594 sums
318 2575 360 2604 up
379 2565 432 2594 the
449 2563 766 2603 sense-impressions
782 2563 971 2593 mentioned

215 2607 247 2636 in
270 2608 324 2637 the
348 2607 523 2646 preceding
539 2612 701 2636 sentence.
748 2606 820 2636 The
838 2606 970 2646 impres-

214 2649 302 2679 sions
328 2650 424 2680 made
452 2650 494 2689 by
521 2649 575 2679 the
603 2655 694 2679 outer
720 2649 821 2678 world
850 2659 893 2678 on
917 2649 972 2678 the

213 2693 304 2722 mind
318 2693 383 2722 will
402 2693 441 2722 be
458 2692 554 2722 much
571 2702 660 2722 more
678 2691 765 2721 vivid
783 2691 877 2721 when
894 2691 970 2731 they

214 2735 296 2765 have
323 2741 379 2765 not
405 2741 438 2765 to
464 2736 503 2765 be
528 2735 675 2765 received
695 2734 836 2774 through
859 2734 972 2774 bodily

211 2778 395 2816 channels.]

256 2823 336 2857 §4¹7.
364 2821 771 2857 terrenis...corporibus‚
793 2819 971 2850 ‘collected

214 2864 363 2904 particles
379 2863 417 2893 of
428 2863 539 2903 earthy
555 2863 691 2893 nature.’

256 2909 358 2943 quale
383 2908 535 2943 quidque
561 2907 620 2944 sit,
652 2905 861 2946 ‘everything
887 2915 921 2936 as
946 2905 970 2935 it

1042 1973 1140 2003 qnam
1162 1963 1224 1997 uis,
1245 1963 1301 1993 i.e.
1324 1963 1378 1992 uel
1396 1962 1628 2002 copiosissz'nze’3
1652 1962 1691 1992 cf.
1718 1962 1738 1992 ii
1762 1963 1801 2002 38

1044 2006 1208 2046 ‘quamuis
1226 2005 1289 2035 leui
1307 2004 1396 2040 ictu,'
1415 2006 1480 2035 and
1497 2005 1598 2035 osten.

1085 2051 1176 2079 esset.
1202 2050 1409 2078 habiturus:
1443 2050 1616 2078 atti-action
1640 2047 1677 2078 of
1700 2053 1800 2083 tense,

1046 2102 1092 2128 11,
1116 2101 1197 2130 2311.
1213 2101 1219 2126 ς
1245 2102 1298 2121 see
1314 2091 1383 2121 also
1402 2091 1513 2120 Madv.
1531 2092 1547 2128 ξ
1564 2092 1636 2130 383.

1084 2135 1100 2171 ξ
1116 2138 1165 2164 48.
1214 2136 1498 2171 philosophorum
1514 2146 1521 2164 :
1562 2134 1726 2174 emphatic
1757 2134 1802 2174 by

1042 2177 1195 2218 position,
1217 2177 1255 2207 cf.
1274 2177 1303 2211 6,
1327 2187 1358 2206 11
1379 2187 1410 2206 n.

1085 2220 1156 2250 The
1173 2220 1255 2250 train
1273 2219 1310 2249 of
1322 2219 1459 2259 thought
1478 2219 1503 2249 is
1521 2219 1584 2249 this
1600 2219 1724 2249 :—Cic.
1740 2219 1799 2250 has

1041 2263 1159 2303 sought
1184 2268 1217 2293 to
1239 2262 1326 2292 shew
1347 2263 1415 2292 that
1434 2262 1514 2292 from
1532 2272 1551 2292 a
1567 2262 1686 2292 careful
1703 2262 1800 2302 study

1041 2306 1077 2335 of
1089 2311 1202 2335 nature
1219 2305 1273 2336 the
1290 2305 1502 2345 immortality
1519 2304 1556 2334 of
1568 2305 1622 2335 the
1638 2305 1708 2335 soul
1724 2315 1799 2345 may

1041 2349 1081 2378 be
1105 2348 1253 2378 inserred.
1306 2348 1394 2378 How
1417 2354 1545 2387 strange
1569 2348 1646 2378 then
1670 2358 1724 2378 are
1743 2348 1798 2378 the

1042 2391 1242 2431 Epicureans
1263 2391 1348 2425 who,
1371 2391 1468 2420 while
1493 2391 1673 2430 professing
1700 2391 1797 2421 devo-

1040 2434 1108 2464 tion
1137 2439 1170 2464 to
1196 2434 1250 2464 the
1277 2434 1372 2473 study
1399 2434 1436 2463 of
1462 2438 1584 2470 nature,
1613 2433 1696 2463 have
1721 2433 1798 2473 only

1040 2477 1180 2507 inserted
1206 2476 1380 2506 therefrom
1398 2477 1466 2506 that
1485 2476 1579 2506 when
1596 2476 1651 2506 the
1667 2476 1748 2506 hour
1764 2475 1802 2506 of

1039 2519 1137 2549 death
1155 2520 1273 2549 arrives
1290 2519 1365 2559 they
1380 2519 1443 2548 will
1458 2519 1654 2559 completely
1668 2518 1776 2559 perish
1789 2520 1795 2549 ἔ

1041 2563 1108 2592 Cic.
1129 2568 1247 2592 cannot
1269 2562 1386 2592 refrain
1409 2562 1490 2591 from
1507 2561 1642 2601 making
1657 2572 1676 2591 a
1693 2561 1796 2592 thrust

1039 2610 1071 2635 at
1083 2605 1137 2635 the
1148 2605 1356 2645 Epicureans,
1377 2604 1534 2644 although
1549 2604 1604 2634 the
1617 2604 1796 2644 digression

1040 2648 1066 2677 is
1082 2653 1138 2678 not
1157 2648 1251 2678 much
1268 2653 1301 2678 to
1319 2648 1373 2677 the
1390 2647 1494 2687 point.
1533 2647 1582 2678 Cf.
1602 2647 1688 2677 Kiih.
1706 2647 1793 2677 here.

1081 2692 1257 2720 inuentori
1265 2693 1301 2720 et
1309 2691 1475 2727 principi:
1490 2690 1548 2719 viz.
1560 2690 1729 2730 Epicurus.
1743 2689 1794 2720 Cf.

1044 2733 1171 2763 ‘harum
1196 2733 1453 2773 disputationum
1473 2732 1632 2763 inuentori
1654 2738 1685 2762 et
1707 2732 1793 2772 prin-

1039 2775 1120 2816 cipi’
1145 2776 1313 2813 (Platoni),
1333 2776 1391 2806 Or.
1415 2775 1424 2805 i
1447 2786 1492 2811 11,
1519 2784 1578 2815 47;
1605 2775 1710 2805 ‘Zeno
1737 2775 1793 2815 qui

1038 2819 1189 2849 inuentor
1210 2823 1241 2849 et
1263 2818 1411 2859 princeps
1432 2818 1614 2848 Stoicorum
1631 2817 1713 2853 fuit‚’
1731 2819 1792 2848 Ac.

1038 2861 1060 2891 ii
1076 2872 1128 2900 42,
1147 2872 1200 2901 131
1221 2862 1284 2891 and
1301 2871 1372 2891 exx.
1386 2861 1471 2891 cited
1487 2861 1577 2891 there
1593 2860 1635 2900 by
1653 2860 1748 2891 Reid.

1079 2907 1294 2935 uenerantur
1319 2906 1360 2934 ut.
1385 2906 1507 2934 deum:
1533 2902 1571 2934 cf.
1603 2903 1698 2934 Lucr.
1726 2914 1747 2934 v
1774 2903 1792 2934 8
