1928 3153
43 464 75 481 20

42 807 73 830 ²5

96 114 221 153 -10.
246 124 297 152 22
653 114 848 153 Lllfflle
892 113 1062 153 l'lt'lstvl
1079 114 1090 154 l
1107 114 1153 154 'S
1648 127 1701 167 29

95 237 205 277 libro
253 237 414 277 inultos
462 237 692 290 loquentes
741 237 867 287 facit3
917 238 1090 278 duobus
1143 239 1430 279 Pherecratem
1475 241 1696 292 quendam

96 307 348 346 Phthiotam
387 320 549 353 senem,
584 320 713 359 quem
753 307 813 346 ait
851 321 875 346 a
910 307 1182 347 Deucalione
1220 316 1377 355 ortum,
1411 309 1695 349 disserentem

95 376 262 416 inducit
301 376 405 415 nihil
441 390 534 415 esse
572 375 753 414 omnino
791 376 998 421 animum,
1035 382 1078 415 et
1113 376 1195 416 hoc
1229 390 1323 416 esse
1358 390 1517 417 nomen
1555 386 1696 418 totum

95 445 234 493 inane,
276 445 522 497 frustraque
574 445 781 484 animalia
824 452 866 484 et
916 445 1153 484 animantis
1195 445 1420 497 appellari,
1464 461 1604 499 neque
1657 449 1696 487 in

93 512 271 553 homine
295 514 436 553 inesse
454 500 649 552 animum
675 512 741 552 uel
761 513 954 552 animam
980 527 1058 552 nec
1082 514 1123 552 in
1148 514 1298 560 bestia,
1319 515 1498 567 uimque
1519 529 1695 556 omnem

92 595 202 630 eam,
226 596 313 634 qua
337 582 404 622 uel
427 595 610 634 agamus
640 582 744 634 quid
770 582 838 621 uel
869 583 1124 629 sentiamus,
1148 582 1188 621 in
1212 583 1417 622 omnibus
1444 585 1699 636 corporibus

93 651 204 690 uiuis
242 650 531 704 aequabiliter
567 664 662 690 esse
697 650 837 690 fusam
878 664 955 690 nee
993 651 1282 703 separabilem
1317 665 1341 691 a
1373 665 1555 705 corpore
1592 668 1699 701 esse,

91 721 255 773 quippe
297 734 409 774 quae
448 720 566 760 nulla
604 721 658 760 sit
697 734 775 760 nec
812 721 868 760 sit
905 721 1140 773 quicquam
1181 721 1261 760 nisi
1295 734 1452 774 corpus
1486 736 1620 762 unum
1655 731 1697 763 et

91 788 296 841 simplex,
320 789 380 829 ita
404 787 651 841 figuratum,
670 795 717 828 ut
741 789 1062 841 temperatione
1085 795 1267 829 naturae
1291 790 1438 842 uigeat
1461 797 1504 830 et
1527 792 1698 831 sentiat.

91 858 156 898 22.
201 857 474 906 Aristoteles,
498 857 627 910 longe
650 858 854 897 omnibus
877 858 1130 910 (Platonem
1162 872 1335 911 semper
1357 860 1552 912 excipio)
1576 874 1698 913 prae-

90 934 212 966 stans
249 933 292 966 et
330 928 506 979 ingenio
543 935 586 968 et
624 927 865 979 diligentia,
898 941 997 967 cum
1036 934 1246 980 quattuor
1284 935 1390 968 nota
1428 928 1500 968 illa
1537 943 1698 981 genera

90 996 402 1049 principiorum
422 1003 536 1036 esset
555 997 826 1050 complexuS,
847 1011 869 1037 e
892 997 1050 1050 quibus
1069 997 1218 1037 omnia
1240 1004 1476 1045 orerentur,
1494 999 1695 1051 quintam

90 1066 314 1118 quandam
339 1072 540 1105 naturam
565 1073 713 1106 censet
739 1079 845 1114 esse,
868 1079 891 1105 e
913 1079 999 1118 qua
1023 1067 1078 1106 sit
1101 1080 1236 1107 mens.
1298 1068 1491 1119 cogitare
1513 1068 1630 1108 enim
1655 1076 1697 1108 et

161 1171 208 1200 17.
258 1162 471 1203 pherecraten
494 1162 523 1193 G
542 1163 568 1193 B
586 1163 618 1193 S.
712 1162 937 1203 pherecraten]
963 1163 991 1193 R
1011 1163 1039 1192 V
1080 1164 1110 1193 0
1124 1173 1182 1202 34.
1273 1163 1463 1195 ferecratem
1488 1165 1525 1195 1⁴2.
1619 1165 1697 1197 sere-

91 1207 179 1236 erate
196 1205 238 1235 W
260 1215 268 1235 1
287 1216 314 1236 2.
430 1206 619 1246 pherecrate
637 1206 680 1236 D.
782 1206 981 1237 fereocrante
1001 1207 1024 1236 P
1043 1206 1074 1246 (0
1090 1207 1157 1236 alio
1171 1207 1320 1246 almvm).
1430 1219 1480 1239 20.
1517 1208 1699 1250 frustraque

91 1248 246 1279 animalia
268 1249 296 1278 R
313 1260 323 1279 1
341 1259 356 1279 2
391 1249 420 1279 G
438 1259 494 1289 1-3
528 1249 627 1288 Β1-3
661 1249 692 1279 Κ
712 1251 733 1280 S
753 1249 780 1279 Ε
814 1249 855 1279 W
870 1260 884 1279 2
922 1250 954 1279 M
974 1260 984 1279 1
1000 1259 1016 1279 2
1058 1250 1089 1279 D
1108 1250 1136 1278 ΙΙ
1170 1251 1199 1281 O
1216 1261 1225 1280 1
1244 1261 1257 1280 2
1274 1260 1333 1289 5—7
1346 1262 1374 1291 ‘)·
1469 1251 1649 1293 frustraque
1667 1260 1697 1283 et

91 1291 246 1322 animalia
265 1292 331 1322 W1
384 1293 444 1331 G4
491 1292 520 1323 O
539 1303 569 1323 11
590 1303 637 1322 12.
729 1293 910 1333 frustraque
932 1298 963 1323 et
985 1293 1140 1323 animalia
1157 1293 1186 1323 V
1203 1298 1237 1323 al
1258 1300 1289 1324 et
1311 1294 1377 1324 alm
1398 1299 1517 1325 afram.
1538 1296 1695 1335 scriplum

89 1339 183 1365 extra
206 1335 324 1365 lincam
346 1335 503 1366 excurrit.
593 1335 775 1376 frustraque
797 1336 980 1366 animantes
998 1342 1028 1366 et
1047 1336 1076 1366 O
1090 1346 1106 1375 3
1119 1350 1150 1375 4.
1241 1337 1421 1378 frustraque
1443 1338 1597 1368 animalia
1615 1338 1644 1370 O
1662 1350 1698 1371 10

1391 1389 1405 1404 e

1245 1413 1421 1445 animantis
1441 1414 1481 1444 W
1498 1425 1512 1445 ι»
1556 1415 1583 1444 R
1598 1425 1612 1445 2
1631 1416 1697 1445 alia

90 1415 125 1442 at
141 1422 259 1441 rasura
272 1416 341 1451 pasl
357 1422 430 1452 que.
465 1415 475 1447 {i
512 1411 688 1443 animantis
704 1412 734 1441 V
767 1412 795 1443 G
819 1423 827 1442 1
845 1423 863 1452 3
896 1412 928 1442 K
948 1412 971 1442 P
991 1413 1018 1442 E
1038 1412 1068 1442 D
1102 1412 1132 1444 O
1146 1422 1173 1452 5.

92 1465 195 1484 mann
212 1460 368 1495 superscr.

156 1499 172 1536 ἓ
188 1501 238 1534 22,
260 1508 309 1538 27.
342 1503 497 1539 quattuor
513 1499 543 1528 V
561 1499 586 1528 B
606 1499 639 1528 1³.
721 1503 861 1539 quatuor
878 1499 921 1529 K.
1002 1501 1051 1530 28.
1092 1504 1261 1530 orerentur
1279 1499 1308 1529 R
1326 1510 1336 1531 1
1353 1510 1369 1530 2
1409 1500 1438 1530 V
1457 1500 1487 1531 G
1506 1501 1538 1531 K
1556 1501 1583 1531 E
1624 1502 1650 1531 B
1664 1512 1692 1532 ρ.

92 1546 261 1572 orerentur
284 1542 307 1571 P
329 1552 346 1572 e
368 1542 403 1571 in
426 1541 434 1572 i
455 1542 521 1572 alio
543 1546 664 1572 atram.
688 1546 770 1572 mut.
897 1542 1059 1572 orirentur
1081 1543 1106 1572 B
1127 1553 1134 1572 1
1154 1552 1169 1581 3
1218 1543 1239 1574 S
1280 1543 1307 1573 L
1325 1542 1400 1583 136
1447 1544 1489 1573 w
1507 1555 1516 1574 1
1534 1555 1549 1575 2
1599 1545 1632 1574 M
1652 1556 1660 1575 1
1680 1556 1694 1575 ε

94 1583 155 1615 R6
170 1593 257 1616 1012
305 1584 335 1615 G
349 1596 409 1624 ’.ν-4
455 1585 487 1615 D
528 1585 558 1616 O
574 1595 665 1616 1—12.
755 1592 912 1616 ornentur
924 1586 955 1626 J.
1049 1586 1195 1616 orientur
1213 1587 1254 1616 Π.

93 1672 111 1692 a
132 1661 343 1692 harmonious
365 1661 525 1702 blending
546 1660 583 1692 of
603 1661 658 1692 the
674 1672 774 1691 warin
795 1661 860 1691 and

93 1704 178 1742 cold,
211 1704 307 1735 moist
338 1705 403 1735 and
434 1705 504 1744 dry,
534 1704 709 1735 contained
741 1705 773 1735 in
805 1705 860 1735 the

92 1748 182 1788 body
207 1747 336 1787 (Zeller,
361 1758 396 1778 as
420 1748 549 1785 above).

137 1793 290 1821 duobus:
322 1801 366 1821 sc.
395 1791 543 1832 reliquis,
570 1790 610 1822 cf.
642 1791 724 1821 duas
749 1796 862 1831 parles

93 1834 208 1865 above.

972 1663 1054 1699 §22.
1094 1662 1167 1693 The
1198 1663 1346 1693 doctrine
1379 1663 1416 1694 of
1453 1663 1509 1694 the
1544 1669 1699 1705 quatluor

922 1713 1042 1744 galtero
1067 1706 1316 1746 princzjn'orum
1345 1706 1438 1737 dates
1466 1707 1547 1737 from
1576 1708 1696 1748 Empe-

928 1748 1051 1778 docles.
1100 1749 1165 1778 For
1189 1749 1245 1779 the
1269 1749 1444 1780 difference
1467 1750 1616 1781 between
1643 1751 1697 1783 the

928 1791 1027 1822 views
1049 1792 1086 1822 of
1107 1791 1151 1831 (a)
1175 1792 1346 1827 Aristotle,
1366 1793 1409 1830 (h)
1432 1793 1487 1824 the
1506 1794 1613 1825 Stoics
1630 1795 1695 1825 and

927 1834 982 1865 the
1000 1835 1083 1865 view
1099 1835 1136 1865 of
1158 1836 1387 1876 Empedocles,
1406 1846 1459 1867 see
1477 1837 1526 1866 Dr
1545 1838 1628 1868 Reid
1653 1849 1695 1868 on

136 1878 385 1908 frustramine
406 1888 528 1913 causa;
551 1877 592 1908 cf.
614 1878 686 1908 Fin.
710 1877 731 1908 ii
753 1888 800 1913 12,
820 1877 860 1917 36

97 1920 149 1950 ‘in
174 1931 239 1961 quo
264 1920 381 1951 frustra
408 1920 532 1951 iudices
559 1920 664 1951 solent
689 1931 762 1951 cum
789 1931 859 1952 sen-

93 1963 229 1994 tentiam
246 1964 472 2004 pronuntiant,
489 1964 609 1995 addere
628 1964 683 1994 “si
700 1964 779 2004 quid
796 1965 859 1995 mei

93 2006 205 2037 iudicii
222 2005 325 2037 est.'’'

136 2052 350 2080 animantis:
390 2049 537 2081 includes
575 2050 694 2091 plants.
759 2052 766 2065 ‘
780 2050 858 2081 And

93 2092 163 2123 that
195 2093 250 2124 the
282 2099 382 2123 terms
411 2093 544 2134 “living
574 2092 767 2124 creatures'’
795 2094 858 2124 and

95 2135 229 2176 “living
257 2136 397 2177 things''
423 2147 507 2168 were
537 2136 765 2177 groundlessly
793 2147 858 2167 em-

94 2178 240 2219 ployed.’

136 2224 291 2252 animum
314 2224 371 2253 uel
394 2224 558 2258 animam,
585 2223 731 2253 ‘neither
753 2233 772 2253 a
796 2223 858 2253 dis-

95 2265 174 2296 tinct
192 2265 338 2305 spiritual
356 2276 415 2296 nor
431 2276 450 2296 a
466 2265 597 2296 distinct
617 2266 763 2306 physical
780 2266 857 2296 vital

93 2308 276 2349 principle!
323 2309 446 2340 Davies
459 2309 534 2339 well
551 2309 630 2340 cites
648 2309 721 2340 qu.
739 2320 780 2339 xv
801 2313 859 2349 148

95 2350 208 2388 (lower
219 2351 356 2382 animals
368 2350 394 2392 )(
405 2352 494 2392 man)
512 2352 661 2383 ‘indulsit
676 2353 860 2383 eommunis

94 2394 245 2425 conditor
270 2394 335 2426 illis
358 2400 486 2426 tantum
509 2395 644 2433 animas,
672 2396 767 2426 nobis
791 2396 858 2426 ani-

94 2448 184 2468 mum
201 2436 356 2478 quoque.'

137 2488 226 2517 quae
240 2483 339 2511 nulla
355 2482 420 2511 sit:
445 2481 516 2512 Cic.
533 2492 647 2512 means
668 2481 737 2512 that
759 2482 783 2512 it
800 2482 860 2513 has

94 2533 137 2554 no
153 2528 297 2564 separate
310 2524 485 2555 existence.

137 2568 577 2603 temperatione...sentiat‚
611 2569 714 2598 ‘owes
744 2568 785 2598 its
813 2567 858 2598 vi-

94 2619 176 2649 gour
206 2609 271 2640 and
301 2610 342 2640 its
372 2611 564 2651 perception
595 2616 629 2641 to
660 2611 700 2642 its
730 2611 859 2642 natural

96 2652 342 2692 organization.’

137 2697 406 2732 temperatione:
430 2696 470 2726 cf.
493 2698 543 2732 28,
561 2696 601 2727 68
621 2697 678 2727 ‘ad
699 2702 858 2737 tempera-

94 2737 219 2768 tionem
245 2749 418 2779 eorporum
445 2739 572 2780 aptas’3
600 2740 632 2770 iv
662 2750 709 2779 13,
740 2750 780 2779 3ο
808 2743 858 2771 ‘ut

95 2781 240 2821 corporis
269 2782 463 2822 temperatio
494 2792 568 2813 cum
602 2793 641 2814 ea
676 2789 859 2824 congruunt

95 2823 180 2854 inter
199 2834 233 2854 se
254 2834 272 2854 e
293 2825 410 2865 quibus
433 2831 630 2860 constamus.
651 2826 790 2863 sanitas;
814 2826 859 2856 sic

96 2866 197 2896 animi
223 2866 341 2897 dicitur
367 2878 441 2898 cum
469 2868 536 2899 eius
563 2869 683 2899 iudicia
709 2869 857 2909 opinion-

97 2918 196 2950 esque
218 2909 443 2942 concordant.'

928 1879 989 1908 Ac.
1020 1878 1028 1908 i
1059 1889 1086 1918 7,
1118 1878 1169 1914 26,
1198 1879 1307 1910 where
1333 1879 1402 1910 also
1434 1890 1487 1910 see
1514 1880 1564 1910 his
1592 1891 1622 1911 n.
1653 1892 1695 1911 on

927 1922 1081 1962 quintum
1103 1932 1216 1961 genus.

971 1966 1132 2001 quintam
1154 1967 1330 2002 quandam
1352 1969 1536 1997 naturam:
1568 1967 1617 1997 sor
1641 1968 1696 1998 1110

928 2007 999 2037 fifth
1017 2008 1159 2038 element
1179 2019 1232 2039 see
1254 2009 1371 2044 Zeller‚
1394 2010 1540 2040 Fre-Soc.
1566 2011 1655 2040 Phil.
1682 2020 1691 2041 1

928 2061 958 2091 p.
983 2061 1042 2090 317
1061 2062 1093 2081 n.
1111 2051 1173 2082 col.
1194 2062 1209 2082 2
1227 2052 1292 2082 and
1310 2063 1340 2093 p.
1364 2054 1424 2092 318
1442 2053 1505 2083 col.
1527 2064 1537 2084 1
1560 2054 1694 2092 (E.'1‘.);

929 2094 1043 2124 Madv.
1072 2095 1145 2125 Fin.
1173 2095 1204 2124 iv
1229 2104 1256 2133 5,
1292 2106 1325 2126 12
1354 2106 1385 2125 n.
1434 2096 1502 2127 Cic.
1530 2107 1636 2127 seems
1662 2098 1695 2128 in

927 2147 1016 2167 error
1047 2138 1079 2167 in
1111 2138 1271 2179 asserting
1301 2139 1333 2168 in
1367 2137 1417 2173 26,
1451 2138 1490 2178 65
1523 2140 1594 2170 that
1630 2140 1696 2171 this

927 2180 1067 2211 element
1079 2192 1145 2212 was
1158 2181 1197 2210 ab
1208 2182 1375 2212 Aristotele
1385 2182 1518 2212 inducta
1529 2185 1694 2223 primum,

926 2223 967 2254 cf.
986 2224 1092 2254 Zeller
1108 2235 1141 2264 p.
1161 2226 1222 2263 318
1239 2225 1309 2255 ‘the
1326 2225 1431 2266 origin
1449 2225 1487 2255 of
1498 2226 1562 2256 this
1579 2227 1652 2257 idea
1669 2227 1695 2257 is

926 2267 1093 2308 evidently
1114 2268 1366 2308 Pythagorean‚'
1389 2269 1453 2298 and
1479 2269 1571 2300 there
1590 2280 1695 2300 seems

926 2320 1017 2341 some
1034 2321 1148 2341 reason
1171 2311 1220 2341 for
1242 2311 1407 2351 believing
1428 2312 1498 2342 that
1519 2314 1613 2351 αἰθήρ
1629 2324 1696 2343 was

926 2353 1087 2384 admitted
1105 2364 1139 2384 as
1156 2364 1196 2383 an
1214 2354 1354 2385 element
1375 2355 1419 2394 by
1437 2355 1532 2385 Plato
1553 2356 1696 2386 towards

926 2397 982 2427 the
1005 2397 1069 2427 end
1093 2396 1130 2427 of
1150 2397 1200 2427 his
1224 2397 1289 2428 life.
1340 2399 1402 2429 See
1428 2398 1513 2428 Reid
1538 2409 1580 2429 011
1601 2400 1663 2430 Ac.
1685 2400 1694 2430 i

930 2450 940 2470 1
953 2450 977 2477 1,
1000 2450 1039 2480 39
1057 2451 1088 2470 n.
1108 2451 1150 2470 on
1167 2451 1204 2469 cx
1219 2441 1498 2481 qna...7¹ebantn7¹.

969 2491 988 2513 e
1013 2491 1083 2520 qua
1110 2485 1158 2513 sit
1179 2492 1294 2514 mens:
1326 2485 1359 2514 in
1389 2494 1437 2523 17,
1464 2494 1524 2523 413
1557 2484 1607 2522 26,
1636 2485 1692 2524 65;

927 2526 988 2556 Ac.
1021 2526 1030 2556 i
1060 2534 1088 2566 7,
1119 2525 1178 2563 “263
1212 2527 1222 2557 i
1254 2538 1301 2565 11,
1330 2537 1389 2568 393
1422 2527 1493 2558 Fin.
1529 2528 1561 2558 iv
1595 2537 1623 2565 5,
1658 2539 1692 2559 12

927 2569 994 2600 Cic.
1038 2569 1152 2600 makes
1194 2570 1249 2600 the
1292 2581 1380 2601 same
1422 2571 1580 2601 assertion
1623 2571 1693 2602 that

926 2612 1085 2643 Aristotle
1123 2613 1256 2643 derived
1292 2613 1381 2643 mind
1417 2613 1500 2644 from
1535 2614 1590 2644 the
1621 2614 1693 2645 fifth

926 2655 1079 2686 element.
1126 2656 1188 2687 See
1213 2657 1298 2686 Reid
1322 2667 1364 2687 on
1388 2657 1450 2687 Ac.
1478 2656 1487 2687 i
1515 2667 1563 2692 11,
1590 2667 1629 2699 39
1658 2668 1689 2687 11.

927 2698 992 2728 For
1014 2698 1201 2729 Aristotle’s
1224 2699 1289 2730 real
1313 2700 1397 2730 view
1418 2700 1519 2730 about
1543 2700 1597 2730 the
1621 2701 1693 2730 soul

925 2752 978 2772 see
997 2742 1160 2772 Excursus
1180 2742 1207 2772 1.
1248 2742 1311 2773 See
1329 2743 1399 2772 also
1415 2743 1471 2773 the
1486 2743 1633 2773 remarks
1650 2754 1692 2773 on

926 2785 1019 2823 αἰθήρ
1055 2785 1157 2815 there.
1215 2786 1288 2816 The
1322 2786 1429 2816 words
1466 2787 1691 2816 (ontinuatam

927 2828 1092 2858 motionem
1124 2832 1152 2858 et
1181 2833 1357 2869 perennem
1389 2829 1491 2869 apply
1521 2834 1554 2859 to
1585 2830 1689 2868 αἰθήρ,

928 2870 986 2900 but
1008 2876 1065 2901 not
1082 2876 1115 2901 to
1132 2871 1188 2902 the
1204 2871 1275 2902 soul
1291 2881 1326 2902 as
1347 2871 1519 2903 described
1541 2872 1584 2912 by
1602 2872 1691 2903 Aris·

929 2913 1020 2944 totle.
